4250 5184
680 592 1365 706 Jacon1Usenn11.
1617 632 1670 715 75

405 762 477 817 eam
494 746 512 827 )
537 751 575 807 ut
587 729 665 806 nihil
681 735 782 812 certi,
805 722 895 828 quod
910 752 1047 805 mentem
1065 736 1231 832 priscorum
1247 739 1417 809 seculorum
1432 734 1516 837 gesta
1535 747 1670 839 cognos.

406 835 498 914 cendi
513 831 666 906 desiderio
678 834 798 905 anxiam
812 833 964 904 sublevare
978 832 1095 929 possit,
1119 836 1315 927 relinquatur.
1393 834 1562 931 Qicquid
1587 842 1664 914 verb

408 936 547 1029 Antiqui
565 933 759 1028 Scriptores,
785 929 944 1026 quicquid
962 932 1163 1007 Recentiores
1178 931 1218 1002 de
1234 927 1298 1004 fide
1321 931 1497 1007 Christiana
1520 937 1553 1009 in
1573 934 1662 1012 hasce

407 1043 587 1110 uncam
599 1033 704 1103 insulas
718 1029 825 1127 primd
842 1028 1018 1103 introducta
1031 1032 1233 1104 enarraverint
1255 1081 1266 1115 ,
1297 1028 1510 1129 superstitiosis
1530 1037 1662 1133 putidis·

407 1156 470 1231 que
485 1133 595 1205 sabulis
606 1128 725 1219 rejectis
741 1178 751 1213 ,
776 1146 888 1225 utpote
900 1130 1072 1199 otiosorum
1089 1125 1254 1201 hominum
1268 1131 1469 1215 commentis,
1492 1133 1580 1227 quod
1595 1137 1661 1233 spe·

406 1230 569 1307 cioliorem
578 1224 813 1300 similitudinem
826 1230 891 1298 veri
908 1250 970 1322 prae
992 1226 1022 1298 se
1037 1225 1137 1305 ferat,
1162 1230 1288 1302 Leuori
1311 1226 1546 1321 dijudicandum
1571 1237 1662 1309 relin-

404 1331 489 1428 quit.
511 1377 513 1382 -
538 1326 599 1399 Sed
613 1323 776 1425 postquam
787 1319 986 1397 difficultates
999 1321 1087 1396 hasce
1099 1328 1271 1404 eludatur,
1301 1328 1676 1425 permptisquedumetis‘

403 1430 438 1501 in
451 1427 630 1500 liberiorem
645 1425 908 1523 patentioremque
922 1446 1068 1518 campum
1083 1422 1258 1501 transtisset,
1284 1426 1339 1496 ubi
1354 1423 1493 1521 undique
1509 1433 1664 1528 prospice.

406 1529 541 1608 relicet,
565 1521 598 1596 h.
621 1544 648 1595 e.
672 1519 927 1593 ubifidesrerum
941 1543 979 1592 ex
993 1519 1128 1592 historiis
1141 1521 1275 1594 constare
1290 1525 1420 1619 poterit,
1445 1528 1662 1620 reliquiatlln·

408 1625 595 1718 tiquitatum
611 1645 649 1692 ex
661 1620 750 1691 omui
764 1619 942 1701 librorum,
973 1618 1037 1691 srve
1059 1621 1144 1717 typis
1165 1621 1410 1717 exscriptorum,
1427 1620 1490 1695 live
1512 1627 1545 1696 in
1560 1649 1662 1697 mem·

410 1722 512 1794 branis
520 1720 703 1801 latentium,
729 1733 865 1815 genere,
891 1718 1070 1813 ubicunque
1085 1724 1119 1788 δε
1141 1720 1395 1811 qualitercunque
1416 1721 1519 1818 sparsas
1533 1721 1666 1795 indefes·

409 1819 439 1893 sa
454 1815 600 1890 industria
619 1823 652 1888 ἃ
666 1812 819 1886 defaecato
829 1812 949 1902 judicio
960 1816 1102 1888 inunum
1117 1839 1225 1913 corpus
1240 1818 1366 1915 collegit
1386 1842 1396 1899 3
1436 1817 1514 1891 adeo
1527 1841 1562 1891 ut
1585 1846 1664 1919 opru

340 1944 342 1948 ¹
410 1915 495 1990 illud
513 1916 658 1988 universae
672 1909 894 1985 Ecclefirsticae
906 1915 1112 2018 Antiquitatis
1126 1921 1292 1986 Britannica
1354 1913 1574 2028 zophylacium
1600 1943 1668 1991 me·

410 2016 558 2088 ritissimo
571 2014 638 2107 jure
653 2013 790 2111 appellari
805 2031 966 2085 runcatur.
1017 2019 1072 2086 Ne
1089 2010 1164 2085 illud
1182 2015 1284 2108 aliqua
1329 2012 1506 2086 elloratrone
1520 2014 1666 2114 deturpa-

412 2111 590 2199 tevidear,
615 2110 788 2184 memiuille
801 2129 922 2182 tantum
938 2112 1123 2207 oportebit,
1147 2112 1296 2210 integram
1311 2115 1420 2213 Pelagii
1443 2119 1574 2185 Briraemi
1598 2114 1663 2187 hae·

410 2213 537 2299 reseos,
577 2212 615 2283 ab
628 2211 695 2309 ipso
709 2206 924 2295 introduetae,
957 2211 1198 2302 sequaciumque
1218 2214 1365 2288 suorum,
1400 2210 1573 2284 Historiam
1597 2215 1662 2287 illic

406 2305 1662 2487 ,mv

407 2529 477 2582 nam
492 2508 720 2590 conversione,
744 2504 848 2600 deque
862 2505 986 2578 illorum
1000 2504 1222 2577 Dostoribru:
1243 2526 1312 2577 tum
1328 2501 1465 2602 denique
1488 2504 1528 2578 de
1553 2512 1585 2582 S.
1609 2517 1669 2582 Pa-

404 2617 503 2695 m'o'a,
528 2608 656 2701 aliisque
673 2602 822 2677 ruma
841 2604 975 2689 murs,
1005 2605 1259 2701 quamplurima,
1293 2601 1439 2678 haetenus
1459 2624 1511 2677 aut
1523 2631 1629 2705 parum
1654 2661 1666 2692 ‚

407 2727 460 2779 aut
474 2707 632 2806 perperim
645 2703 771 2803 cognita
783 2726 944 2776 occurrere
964 2751 975 2785 ,
999 2725 1073 2795 quae
1088 2726 1127 2774 ex
1140 2701 1273 2777 tenebris
1290 2723 1373 2774 eruta
1395 2729 1475 2778 nova
1496 2707 1565 2777 luce
1580 2707 1664 2778 illus·

407 2807 509 2973 ul·
532 2798 1116 2976 &cumulum
1127 2808 1535 2978 {ss'uslllllul‘
1549 2812 1664 3002 llll

407 2996 586 3095 producta,
610 3005 657 3072 Le
680 2997 803 3069 entibus
815 2998 936 3075 utiliua
949 2994 1085 3082 fierent,
1108 2995 1148 3070 acl
1164 3000 1278 3070 calcem
1293 2996 1434 3070 Iudicem
1448 3000 1660 3097 chronologi-

405 3119 483 3169 cum
496 3094 635 3193 apposuit
649 3021 900 3193 diligentissimus
917 3099 1058 3181 Auster,
1084 3095 1173 3187 cujus
1185 3091 1363 3173 beneficio,
1388 3093 1468 3187 quid
1488 3098 1602 3190 quovis
1616 3098 1663 3168 se-

406 3197 479 3269 culo
492 3192 614 3293 gestum
628 3192 722 3266 luerit
737 3239 748 3273 ,
772 3193 821 3265 vel
834 3193 997 3267 levitncule
1013 3193 1185 3292 inspicienti
1200 3211 1293 3290 patet.
1363 3195 1456 3264 Dum
1470 3194 1550 3266 verd
1565 3216 1598 3265 ea
1616 3195 1661 3264 se·

408 3293 579 3392 quentibus
592 3293 674 3364 anuis
700 3290 756 3364 sub
775 3289 920 3364 incudem
932 3295 1139 3373 revocaverit,
1164 3289 1255 3388 quod
1269 3292 1302 3363 in
1316 3290 1492 3365 receufione
1514 3293 1661 3366 miscella·

405 3417 534 3467 neotum
548 3389 703 3488 frequenti
718 3391 900 3477 usuvenit,
926 3393 1024 3464 multa
1035 3390 1237 3477 emendavit,
1261 3392 1357 3464 multa
1370 3415 1500 3491 quoque
1514 3417 1554 3467 ex
1568 3394 1660 3468 novi·
1733 3434 1736 3441 ·

404 3515 450 3567 ter
471 3494 596 3589 repertis
609 3499 728 3592 propria
750 3515 845 3563 m
862 3488 985 3563 addidit
1025 3541 1035 3576 ,
1083 3518 1157 3588 quae
1177 3493 1208 3564 in
1230 3489 1369 3566 editione
1400 3496 1573 3588 Londinenst
1607 3498 1652 3564 A.

403 3594 694 3667 MDCLXXVII.
715 3593 918 3686 reperiuntur.
966 3591 1045 3660 Hoc
1059 3590 1231 3663 immortale
1250 3615 1329 3686 opus
1351 3591 1546 3663 Serenislimo
1571 3589 1657 3685 Regi

407 3695 507 3762 Geruli
522 3695 552 3761 1.
576 3691 655 3760 illius
669 3686 877 3785 augustissimi
892 3688 1025 3760 Parentis
1037 3684 1150 3782 Jacobs⁸
1171 3695 1198 3761 1.
1223 3689 1304 3778 jullu
1324 3693 1358 3759 &
1377 3688 1516 3782 auspiciis
1539 3685 1659 3782 suscep·

404 3807 503 3865 tum,
527 3785 662 3859 inscribit
677 3790 725 3860 D.
749 3785 904 3882 ΨΜ,
927 3782 1017 3882 quod
1033 3787 1065 3856 in
1078 3809 1205 3858 omnem
1226 3787 1397 3857 seculorum
1415 3784 1598 3855 memoriam
1622 3783 1661 3855 il·

401 3889 461 4058 qurs
475 3884 708 4057 lqeleberrimum
720 3909 792 3987 erga
807 3888 938 3959 Patriam
953 3884 1063 3956 amoris
1078 3891 1111 3957 &
1133 3882 1333 3957 observantiae
1353 3880 1579 3956 monimentum
1593 3905 1663 3984 per·
1678 3955 1751 4019 vlti-

446 4011 476 4057 ra
498 4003 535 4060 rt.

456 4087 499 4156 A.
522 4086 708 4159 MDCXL.
738 4089 787 4168 (a)
814 4083 862 4155 D.
883 4077 1098 4175 vfferiuscum
1114 4078 1228 4153 familia
1242 4078 1328 4154 venit
1349 4080 1381 4156 in
1406 4086 1578 4186 Argileti,
1611 4082 1663 4158 sed
1678 4046 1808 4185 ffffitin

407 4177 484 4252 clim
498 4181 601 4254 animo
613 4178 807 4258 revertendi,
832 4201 944 4279 utpote
958 4175 1132 4352 Hiberpp'aq
1142 4178 1191 4252 uti
1204 4178 1254 4253 ille
1267 4182 1408 4283 putavit,
1424 4182 1664 4366 mmai,
1676 4183 1801 4320 ἔξω.
1851 4245 1853 4250 ,

443 4405 496 4482 (a)
516 4404 553 4462 V.
565 4401 648 4481 Epire
659 4399 695 4463 nd
707 4407 741 4462 L·
753 4400 787 4463 de
798 4401 867 4464 Dim
881 4400 987 4463 cem.
999 4415 1063 4479 pig.
1079 4408 1148 4484 499,
