4250 5184
677 564 1361 678 JaconaUssnnu.
1590 604 1662 661 aar

406 700 565 778 substituit
577 725 587 782 ;
598 700 723 774 curiosis
737 700 921 798 quibusdam
936 699 1185 774 adnotationibus
1193 700 1233 771 de
1248 701 1422 774 coelestibus
1437 705 1673 797 motibusjuxta

406 824 548 875 veterum
583 806 747 870 Graiorum
770 799 1063 882 Astronomorum‚
1090 801 1183 895 puti,
1207 810 1357 879 Metonis,
1384 805 1507 899 Calippi,
1531 809 1675 887 Eudoxi,

408 901 597 973 &aliorum
622 898 795 983 observata,
820 895 950 970 subinde
965 896 1151 970 intermissis.
1199 896 1254 968 Ad
1279 901 1392 968 calcem
1416 902 1580 997 apponitur
1604 908 1673 1001 pul-

410 996 559 1071 cherrima
584 1003 617 1067 δι
641 995 797 1068 utilissima
822 996 990 1095 Ephemeris
1013 998 1110 1066 totius
1134 998 1228 1071 anni,
1261 996 1291 1065 in
1317 1022 1397 1089 qua,
1422 1017 1529 1092 utpote
1558 1017 1605 1073 ex·
1620 1000 1671 1073 di.

409 1096 500 1168 verns
531 1091 700 1166 eorundem
732 1091 996 1166 Astronomorum
1027 1094 1291 1193 Parapegmatibus
1320 1095 1539 1167 summorum
1568 1100 1668 1171 labore

410 1197 537 1269 colena
554 1244 565 1277 ,
598 1189 750 1264 stellarum
764 1201 898 1264 ortus&
922 1192 1063 1267 occasus,
1089 1200 1121 1261 δι
1136 1189 1353 1288 tempestatum
1368 1194 1525 1288 praesagia,
1548 1222 1620 1290 quae
1633 1199 1668 1268 in

409 1291 475 1365 istis
495 1290 667 1364 climatibus
683 1288 820 1362 accidere
842 1289 994 1370 solebant,
1020 1296 1093 1356 mi
1108 1298 1208 1365 xiim
1229 1287 1410 1363 indicantur.
1459 1296 1496 1360 In
1521 1292 1575 1365 isla
1599 1319 1670 1389 per.

408 1393 496 1488 plexa
520 1411 693 1486 parumque
717 1407 791 1459 tunc
815 1388 965 1481 temporis
988 1387 1141 1480 explorata
1167 1389 1392 1484 Chronologiae
1417 1407 1522 1484 parte,
1547 1412 1582 1460 ut
1606 1397 1670 1485 vf-

405 1491 480 1580 serii
505 1486 842 1583 conjesturaescopum
864 1485 981 1583 semper
1003 1485 1206 1582 attingerent,
1230 1482 1264 1555 id
1287 1482 1417 1579 quidem
1441 1482 1566 1556 humani
1581 1491 1669 1587 inge·

412 1588 457 1655 nii
482 1586 562 1658 vires
587 1583 760 1681 supergredi
785 1582 919 1657 videtur.
969 1588 1081 1675 Atque
1105 1579 1183 1652 hanc
1207 1580 1329 1654 laudem
1355 1580 1436 1679 apud
1451 1608 1556 1654 omnes
1580 1587 1671 1685 inge-

414 1706 492 1754 nuos
516 1685 619 1755 saltem
643 1701 804 1759 meretur,
833 1677 923 1774 quod
952 1680 1025 1752 viris
1054 1676 1238 1753 doelislrmis
1269 1688 1302 1752 δι
1328 1678 1602 1778 praestantissimis,
1635 1687 1668 1753 in

414 1778 527 1853 eodem
552 1778 649 1852 stadio
673 1777 778 1877 postea
805 1777 974 1851 secundiori
999 1774 1076 1875 pede
1101 1775 1353 1857 decurrentibus,
1373 1800 1518 1874 tanquam
1543 1778 1612 1853 dux
1634 1788 1668 1853 δι

414 1878 599 1951 monstrator
623 1879 702 1962 viae,
725 1881 776 1951 vel
791 1876 908 1951 invidia
933 1874 1026 1954 teste,
1050 1878 1183 1972 praeivit.

300 2059 303 2063 Δ
466 1983 505 2048 In
525 1978 635 2048 solenni
657 1976 713 2049 isla
737 1979 896 2051 collatione
916 1977 996 2048 inter
1020 1980 1146 2072 Regem
1177 1976 1335 2072 captivum
1365 1980 1400 2047 &
1422 1978 1667 2052 Parlamentarios
1677 1996 1816 2057 eolhriov

413 2078 589 2172 Deputatos
611 2074 650 2146 de
674 2074 840 2150 revocanda
855 2100 950 2174 pace,
973 2071 1189 2172 sopiendisque
1217 2075 1276 2145 illis
1300 2075 1449 2154 cruentis,
1475 2076 1530 2146 sub
1551 2077 1788 2168 quibus¹¹linter

413 2179 527 2278 Aigila
549 2176 646 2271 magis
665 2178 826 2273 magisque
850 2174 1032 2251 fatiscebat,
1065 2170 1291 2270 propemodum
1325 2176 1511 2270 expiratura,
1536 2173 1667 2248 dissidiis
1676 2154 1801 2288 g‘ffl

410 2274 444 2343 in
469 2274 569 2347 Insula
592 2278 674 2348 Vesli
695 2278 798 2348 mense
820 2274 998 2374 Septembre
1022 2268 1114 2360 hujus
1135 2272 1202 2341 anni
1226 2268 1330 2341 haberi
1354 2292 1472 2364 coepta,
1497 2274 1575 2344 inter
1598 2277 1667 2346 alias
1678 2249 1797 2361 meniis

409 2370 611 2467 iniquissimas
634 2371 848 2450 concitiones,
872 2369 1062 2470 postularunt
1091 2371 1318 2469 Presbyterani,
1343 2391 1379 2441 ut
1403 2372 1606 2468 Episcopatus
1627 2396 1665 2444 ex
1679 2382 1737 2437 rios
1754 2383 1812 2439 De·

410 2470 547 2543 Ecclesia
572 2475 756 2571 Anglr'cana,
782 2473 849 2568 ipso
873 2470 1099 2553 consentiente,
1124 2469 1292 2542 &scitum
1317 2466 1418 2553 illud,
1443 2470 1524 2560 prius
1539 2473 1578 2542 ab
1611 2469 1788 2547 illisP¹¹¹3¹⁰⁸

410 2567 525 2653 latum,
550 2591 651 2640 ratum
676 2567 840 2652 habituro,
864 2569 1117 2640 exterminaretur
1138 2568 1168 2639 in
1185 2591 1379 2665 perpetuum.
1428 2569 1505 2638 Hoc
1520 2531 1814 2669 pientissrfdelipsi‘ss¹²

411 2668 456 2739 mi
472 2670 572 2767 Regis
583 2669 723 2739 animum
737 2669 883 2740 acenime
906 2668 1028 2745 urebat,
1052 2669 1107 2760 qui
1123 2666 1262 2740 ordinem
1278 2669 1363 2740 illum
1382 2668 1516 2753 sacrum,
1542 2669 1579 2737 ab
1596 2665 1666 2762 ipsis
1680 2684 1780 2743 stiturae

410 2766 571 2863 Aposlolis
582 2768 614 2836 in
631 2767 738 2863 primis
752 2767 896 2839 nascentis
912 2765 1059 2839 Ecclefiae
1076 2764 1261 2840 Christianae
1277 2767 1371 2839 initiis
1384 2763 1560 2849 sundatum,
1579 2767 1667 2838 armis
1677 2760 1807 2851 intonit

342 2843 355 2868 ⁰
410 2864 484 2936 licet
507 2865 682 2937 infelicibus
713 2915 724 2943 ‚
749 2864 852 2939 adhuc
879 2886 979 2938 tamen
1004 2866 1124 2939 invie‘so
1142 2868 1258 2939 calamo
1283 2873 1316 2938 ἃ
1340 2867 1468 2966 fingor,
1494 2836 1800 2966 propugna·Uff‘''“’'·

411 2961 490 3033 vit·
518 2965 549 3033 Si
575 2963 606 3030 in
622 2960 811 3034 moderando
827 2964 1072 3059 Episcoporum,
1098 2967 1178 3036 salvo
1200 2961 1328 3048 ordine,
1355 2965 1522 3061 poteslare,
1548 2965 1671 3036 adhibi·

410 3059 451 3132 tis
466 3060 497 3129 in
511 3056 695 3159 gravissimis
710 3059 804 3132 causis
831 3061 1051 3135 Ecclesiasticis
1074 3064 1327 3161 presbyterorum
1350 3062 1481 3133 confiliis
1506 3070 1539 3131 &
1565 3060 1673 3133 suffra-

411 3158 491 3258 giis,
517 3154 787 3231 Schismaticomm
802 3157 890 3232 sutor
904 3162 962 3234 sese
978 3160 1115 3246 stitisset‚
1141 3160 1224 3232 haud
1239 3161 1354 3231 invitus
1369 3156 1572 3230 consenfislet.
1609 3153 1670 3227 Sed

379 3315 382 3319 .
411 3280 521 3329 omnes
533 3252 684 3328 indebitas
707 3257 876 3349 concefflones
889 3263 1057 3357 omniaque
1082 3258 1209 3356 pacifica
1233 3256 1358 3332 confilia
1373 3282 1447 3328 cum
1463 3260 1524 3330 ritu
1548 3264 1581 3329 &
1595 3279 1671 3329 con·

332 3365 335 3370 ’
411 3358 536 3428 tumelia
554 3353 722 3445 rejecerunt
736 3353 770 3428 bi
786 3360 966 3458 Demagogi
983 3366 1016 3431 δι
1034 3358 1219 3445 Ministelli,
1243 3359 1302 3454 qui
1320 3360 1350 3429 in
1367 3356 1504 3431 Ecclefia
1527 3352 1669 3429 domina·

408 3456 434 3526 ri
449 3457 633 3553 cupiebant,
657 3455 769 3527 nullius
783 3453 987 3547 jurisdiblioni
1004 3466 1036 3530 &
1050 3456 1180 3551 jussibus
1193 3460 1334 3533 obnoxii.
1385 3464 1470 3531 Inter
1482 3454 1667 3553 Theologos

405 3557 509 3653 magni
519 3555 670 3631 nominis,
696 3580 776 3649 quos
788 3555 898 3641 bonis,
923 3553 1145 3655 dignitatibus,
1170 3559 1382 3652 reditibusque
1395 3580 1523 3637 exutos,
1549 3555 1663 3649 Regiis

404 3654 538 3749 partibus
561 3650 737 3726 fidelissime}
761 3650 971 3733 adhaerentes,
997 3662 1072 3730 Rex
1088 3658 1298 3738 accersiverat,
1325 3657 1370 3728 ibi
1393 3657 1570 3749 praesentes,
1593 3649 1668 3720 ade·

406 3772 451 3821 rat
466 3774 595 3844 quoque
609 3749 757 3845 vfferr'us,
780 3754 837 3847 qui
853 3749 891 3823 ad
913 3753 1204 3851 Presbyteranorum
1234 3739 1462 3826 contum'aciam
1489 3771 1669 3844 expugnan-

404 3844 494 3925 dam,
517 3850 736 3947 sciagraphiam
763 3853 838 3921 novi
855 3853 1011 3947 regiminis
1024 3851 1254 3934 Ecclesiastici,
1278 3845 1415 3917 maxime
1428 3847 1459 3916 in
1480 3844 1555 3936 juris
1576 3845 1668 3944 Epis·

402 3947 515 4044 copalis
528 3944 767 4028 diminutionem
785 3944 912 4032 cessuri,
937 3947 1109 4020 exhibuisse
1125 3948 1222 4021 sertin
1241 3995 1252 4023 ,
1275 3941 1412 4035 ejusdem
1431 3943 1518 4039 plane
1533 3945 1666 4018 cumilla
1776 3944 1779 3950 ’

402 4045 487 4139 supra
503 4067 690 4130 memorata,
715 4046 753 4118 ad
768 4045 960 4141 disciplinam
984 4047 1137 4119 Ecclesia
1154 4054 1320 4126 Scoricanae,
1347 4044 1486 4141 primbl
1499 4051 1612 4119 Knoxr‘o
1628 4050 1663 4115 δι

403 4146 540 4214 Melvim
555 4145 762 4220 introdueiam
780 4153 813 4217 δι
830 4166 899 4215 ante
915 4167 1029 4240 paucos
1043 4167 1136 4217 annos
1151 4144 1208 4217 sub
1223 4146 1325 4216 Caroli
1341 4149 1369 4216 l.
1393 4144 1553 4216 rebellibus
1575 4153 1664 4218 con-

400 4237 624 4318 soederatotum
644 4247 734 4320 armis
761 4242 948 4329 stabilitam,
972 4242 1107 4411 ”linium
1131 4268 1227 4341 quam
1254 4239 1414 4343 adaptata,
1438 4240 1573 4318 forma:
1600 4237 1663 4407 ἱεῖς

1020 4405 1023 4410 ,
1050 4364 1067 4434 3
1646 4358 1675 4406 o
