4250 5184
499 682 503 687 .
697 575 1392 686 laconaUaaiinii.
1618 627 1669 707 77

417 727 463 795 lea
476 725 495 817 (
508 723 699 814 Diresiiom)
723 722 906 790 parlamenti
927 715 1055 787 exhibita
1079 721 1116 790 de
1138 729 1272 823 [itmgia
1294 736 1331 809 &v
1353 736 1489 826 regimim
1508 738 1672 832 Eprſsopali'.

419 820 682 919 Archiepiscopus
695 818 773 890 vcrd
789 816 829 888 de
843 815 900 887 hac
914 815 1081 886 violatione
1094 818 1167 906 juris
1183 828 1215 890 ἃ
1231 821 1294 891 laesa
1318 823 1396 894 sama
1420 829 1499 923 apud
1524 830 1670 905 Adsesso·

421 943 466 992 res
476 920 625 992 inferioris
634 925 773 990 Camerae
786 914 932 988 acerrime
944 914 1069 1005 questus
1085 914 1154 993 est,
1180 921 1235 1010 qui
1252 917 1291 987 de
1307 927 1527 1019 exemplaribus
1538 931 1600 1018 jam
1615 957 1670 1003 ex.

420 1016 591 1104 stantibus,
616 1038 667 1088 aut
687 1013 865 1097 exstituris,
890 1035 928 1081 ne
944 1008 1204 1107 divulgarentur,
1235 1017 1453 1113 supprimendis
1480 1026 1565 1099 brevi
1592 1055 1666 1101 con.-

418 1116 496 1187 sulto
508 1114 731 1214 providerunt,
753 1117 839 1196 aeos,
863 1121 915 1208 qui
922 1109 1006 1200 ficus
1020 1114 1166 1204 fecerint,
1189 1118 1306 1206 censure
1319 1118 1446 1207 quadem
1467 1133 1595 1197 Camere
1618 1127 1667 1199 ob·

417 1226 513 1288 noxios
520 1219 589 1311 fore
605 1213 778 1285 statuentes.
850 1206 911 1279 Sed
932 1206 988 1277 lrac
1002 1231 1042 1279 ex
1065 1230 1148 1303 parte
1163 1214 1209 1281 D.
1233 1211 1380 1303 vfferi'um
1396 1268 1406 1300 ,
1437 1243 1477 1292 cic
1491 1223 1668 1297 vehementi

415 1313 560 1385 ineundae
574 1314 655 1410 pacis
671 1318 703 1381 bi
720 1304 894 1380 concordie
909 1303 1040 1389 studio,
1066 1304 1261 1379 schismaticis
1275 1314 1408 1383 nimium
1425 1315 1577 1392 indulsisse
1593 1329 1613 1407 ,'
1629 1349 1668 1398 ex

416 1414 556 1507 genuino
570 1409 761 1502 exemplari,
783 1402 878 1497 quod
901 1403 933 1473 ia
954 1405 1084 1499 gratiam
1108 1407 1396 1503 Presbyteranorum
1420 1435 1458 1486 ex
1478 1420 1669 1515 autographo

418 1514 463 1580 A.
487 1509 726 1581 MDCLVIII.
748 1501 845 1575 edidit
860 1505 907 1572 D.
931 1502 1096 1572 Bernardns
1108 1499 1171 1574 hoc
1186 1507 1305 1575 titulo:
1330 1511 1469 1580 Redndio
1488 1517 1668 1612 Eprstaparua

419 1606 464 1674 ad
486 1604 613 1706 riynodci‘
633 1609 786 1703 regiminis·
798 1611 829 1669 in
847 1609 938 1669 verni
954 1603 1078 1694 Ecclesta
1097 1611 1195 1697 recepti
1207 1605 1345 1694 firmam
1364 1615 1409 1679 A.
1435 1618 1625 1688 MDCXLI.
1648 1613 1668 1687 d

416 1701 641 1794 reverenaliffimr
664 1711 702 1783 &
724 1695 874 1789 doslffma
896 1696 981 1789 liujus
1000 1702 1123 1790 Eccsefiae
1155 1708 1269 1782 Patre,
1300 1709 1344 1772 D.
1360 1706 1480 1804 Jacobo
1508 1712 1633 1785 Ullerio
1657 1764 1669 1797 ,

306 1845 317 1872 .
416 1801 627 1898 &ibiepiscopi
660 1793 895 1878 Armachano‚
944 1804 982 1877 d*
1010 1807 1096 1866 torius
1129 1799 1292 1869 Hiberniae
1322 1808 1485 1881 Preme,
1533 1812 1600 1881 satis
1633 1814 1672 1884 li.

415 1919 495 1990 quet
537 1924 546 1966 a
596 1901 628 1968 in
660 1921 728 1992 quo
765 1944 777 1980 ‚
824 1913 957 1987 quatuor
989 1891 1211 1990 propositiones
1240 1897 1385 1993 regimini
1426 1908 1461 1972 δε
1499 1902 1667 2005 disciplinae

417 1998 618 2100 Presbyterali
657 2047 669 2081 ,
717 1995 736 2064 a
778 1999 890 2064 Istroxi'o
923 1992 1112 2086 reliquisque
1142 1990 1265 2066 suriofis
1305 1992 1390 2068 istius
1425 2001 1569 2074 Ecclesiae
1601 2010 1670 2082 Re.

416 2094 632 2167 formatoribus
671 2088 855 2164 Introdueae
886 2138 898 2167 ,
962 2091 1098 2161 maxime
1133 2091 1307 2163 conformes
1336 2142 1347 2169 ,
1395 2092 1452 2166 nisi
1485 2100 1575 2191 quod
1605 2105 1670 2178 suf.

411 2192 565 2292 sraganeos
581 2192 643 2265 live
667 2187 914 2286 chorepiscopos
939 2238 950 2272 ‚
1000 2190 1208 2274 Decanatibus
1239 2193 1385 2264 ruralibus
1407 2218 1536 2271 numero
1560 2224 1669 2298 pares,

408 2291 495 2383 juiita
519 2291 665 2364 statutum
691 2294 818 2362 XXVI.
846 2312 925 2360 anno
949 2291 995 2361 R.
1020 2294 1142 2358 Henrict'
1172 2294 1271 2364 VIII.
1296 2289 1444 2363 sancitum
1470 2344 1480 2377 ,
1504 2304 1539 2368 &
1562 2298 1667 2394 posta

410 2394 512 2487 primo
527 2397 573 2466 R.
588 2381 753 2482 Elisabeiha'
766 2408 948 2458 renovatum
968 2434 979 2468 ,
1002 2383 1204 2456 restituendos
1219 2388 1309 2458 vellet
1324 2393 1520 2479 conciliator,
1544 2419 1666 2470 utrum·

408 2514 470 2581 que
495 2491 632 2587 regimen
657 2482 909 2560 Ecclesiasticum
922 2486 955 2554 in
980 2507 1080 2554 unum
1105 2485 1340 2571 conlaudatus,
1364 2497 1569 2569 continentur.
1601 2496 1663 2570 Sed

408 2611 525 2672 annon,
548 2583 716 2684 potestate,
737 2581 949 2666 fiveorlinis,
972 2580 1036 2654 sive
1049 2579 1284 2670 jurisdidtionis,
1308 2582 1378 2662 ipsis
1392 2592 1560 2683 peculiari,
1585 2619 1662 2669 exu.

404 2686 431 2756 ti
456 2686 629 2783 Episcopi,
660 2705 782 2755 merum
806 2688 840 2752 δι
864 2682 950 2752 inane
974 2703 1086 2752 nomen
1112 2686 1275 2754 &umbra
1300 2682 1414 2761 fiunti
1459 2712 1567 2785 utpote
1597 2698 1661 2767 solo

406 2781 469 2854 sive
509 2782 738 2880 Episcoporum
769 2777 833 2852 five
861 2779 1154 2878 stiperintendentium
1196 2781 1256 2877 (lic
1286 2784 1369 2854 enim
1401 2788 1465 2861 illos
1489 2794 1661 2883 promiscue

405 2905 578 2976 nuncupare
607 2879 645 2950 ad
667 2881 792 2950 libitum
816 2879 946 2966 licebat)
980 2875 1043 2948 five
1068 2881 1218 2973 Presidam
1243 2879 1305 2952 sive
1331 2884 1362 2953 in
1389 2887 1522 2983 Synodis
1548 2893 1657 2964 Eccle-

407 2976 530 3048 siasticis
544 2979 770 3047 Maderaaoum
792 2979 886 3047 titulo
899 2978 1016 3050 ielido.
1065 2984 1112 3047 Ita
1130 2978 1263 3049 indebita
1279 2979 1336 3052 hac
1361 2996 1569 3065 emireius
1592 2994 1656 3080 vfi

398 3077 492 3165 serius
517 3075 546 3146 se
569 3077 602 3145 iu
626 3072 689 3146 istis
713 3070 974 3146 turbulentiffimis
996 3069 1189 3171 temporibus
1212 3078 1399 3171 Episcopalis
1424 3080 1658 3178 Ordinis‚quae

407 3174 607 3249 imminebat.
627 3179 661 3244 δι
685 3181 765 3242 mox‘
783 3175 882 3249 secuta
904 3170 975 3256 est,
1005 3173 1194 3246 subversioni
1216 3175 1345 3245 obviam
1369 3175 1486 3246 itunim
1512 3178 1659 3276 sperabat,

406 3296 521 3365 quem,
545 3269 608 3343 hoc
630 3272 685 3368 pio
709 3268 870 3366 proposito
892 3270 1020 3345 candide
1046 3271 1193 3356 admisso,
1218 3297 1324 3345 omnes
1347 3276 1430 3370 aequi
1455 3298 1556 3350 rerum
1581 3277 1663 3354 asti.-

405 3391 537 3443 matores
559 3369 759 3442 excusabunt.
809 3372 890 3444 Hac
905 3372 984 3444 iero
1009 3395 1077 3444 tum
1092 3369 1267 3445 serenissimi
1285 3375 1384 3471 Regis
1414 3395 1484 3447 tum
1509 3379 1588 3452 illius
1604 3404 1658 3476 pa·

405 3468 493 3544 tilica
510 3468 650 3553 confilia,
674 3491 749 3542 tunc
773 3471 940 3563 temporis.
961 3473 1007 3543 uti
1034 3479 1067 3543 δι
1093 3470 1194 3569 postca
1219 3476 1250 3544 in
1267 3473 1442 3547 collatione
1457 3478 1488 3548 in
1513 3482 1593 3554 Vesli
1609 3484 1662 3553 In·

404 3572 483 3647 sula,
506 3572 558 3642 cui
579 3567 689 3667 Regio
703 3562 803 3659 jussu,
829 3569 878 3640 ille
893 3594 966 3641 cuni
984 3571 1046 3641 aliis
1059 3570 1310 3645 reverendissimis
1326 3569 1488 3669 Episcopis
1503 3583 1535 3646 δι
1551 3575 1665 3647 Theo·

400 3667 479 3765 logis
502 3665 613 3738 itidem
637 3669 711 3738 illuc
734 3664 908 3746 accersitis,
931 3667 1129 3752 interfuerat,
1153 3677 1197 3743 A.
1213 3674 1489 3743 MDCXLVIII.
1505 3668 1543 3740 ad
1567 3668 1664 3746 finem

269 3841 273 3848 ,
401 3786 548 3862 vergente
570 3766 648 3836 inter
670 3770 796 3863 Regem
820 3762 1109 3839 &commissarios
1133 3767 1378 3839 Parlamentarios
1402 3762 1528 3843 habita,
1553 3770 1666 3864 sprevit

402 3863 561 3936 rebellium
573 3859 834 3936 schismaticorum
849 3861 956 3942 sutor,
978 3867 1033 3959 qui
1052 3867 1170 3943 eversa,
1197 3860 1351 3957 quantiam
1367 3860 1399 3931 in
1415 3862 1547 3938 illiserat
1563 3914 1574 3944 ‚
1599 3872 1666 3944 Ec·

402 3959 488 4032 clesia
515 3964 718 4061 Angli‘cm,
750 3959 1009 4059 triumphatisque
1032 3962 1149 4059 Episco
1171 3963 1212 4038 is,
1235 3959 1289 4029 soli
1303 3980 1456 4055 regnare,
1486 3962 1557 4038 imo
1581 3966 1666 4042 nefa·

403 4058 478 4129 iiam
492 4060 690 4156 tyrannidem
705 4084 843 4132 exercere
856 4060 1043 4155 cupiebant:
1096 4083 1116 4128 u
1167 4057 1511 4156 ,Deopennittente‚
1535 4067 1666 4142 tristisl'i'-
1780 4119 1802 4136 ..

403 4177 472 4224 mus
487 4179 590 4227 renam
619 4179 747 4233 eventus
761 4183 839 4231 mox
867 4155 1105 4231 demonstrabat.
1145 4159 1207 4228 Hae
1223 4174 1343 4241 autem,
1368 4161 1482 4254 quibus
1490 4166 1665 4262 Episcopo-

402 4277 474 4325 rum
490 4250 623 4354 dignitas
636 4257 907 4343 iniiiiinuebatui,
932 4253 1138 4429 conceffipnes
1160 4278 1201 4330 cx
1223 4254 1396 4360 necestitate
1422 4279 1599 4361 temporum
1613 4282 1665 4327 or·

1120 4379 1135 4452 3
1613 4375 1670 4433 tae,
