4250 5184
652 521 1353 634 Jacoirusswr.
1577 566 1655 653 ¹03

392 660 432 735 ab
453 661 529 734 orbe
553 655 683 733 condito
707 655 747 727 ad
772 657 918 730 ultimum
943 656 1207 759 luaosolymorm
1228 657 1407 750 excidium,
1432 689 1585 762 quantum
1608 701 1648 754 ex

389 762 476 837 siens
492 760 674 856 scripturis,
700 755 847 851 fibrisque
863 755 1001 837 fibraeis,
1027 756 1168 834 Graecis,
1191 764 1224 828 δι
1249 762 1383 842 Latinis,
1407 788 1571 865 quotquot
1595 772 1656 847 ho-

389 860 443 935 di,
472 858 610 943 exstant,
634 875 687 928 aut
708 857 740 926 in
766 851 961 927 bibliothecis
984 876 1077 923 manu
1102 857 1212 926 exarati
1239 858 1464 954 reperiuntur,
1496 870 1654 947 exhauriri

391 959 514 1060 Potuit,
538 957 603 1030 five
616 954 709 1053 longe
724 952 815 1038 ante,
841 950 907 1025 live
928 949 997 1047 post
1011 952 1194 1050 religionem
1207 952 1415 1033 Christianam
1430 965 1461 1035 in
1474 971 1654 1047 universum

391 1060 499 1131 orbem
513 1078 660 1128 terrarum
681 1050 901 1150 praedicatione
917 1052 1084 1147 Evangelii
1102 1050 1329 1140 introductam,
1353 1057 1438 1147 juxta
1449 1089 1535 1139 veros
1551 1071 1653 1143 calcu·

390 1160 436 1231 ,ω
450 1155 528 1247 just,
542 1162 575 1227 &
590 1154 737 1227 concinna
751 1152 824 1223 serie
838 1145 1066 1222 conscribendae
1081 1173 1204 1246 operam
1221 1150 1278 1222 diu
1293 1149 1495 1248 adhibuisset,
1510 1163 1550 1237 de
1559 1167 1654 1243 eden·

390 1255 440 1330 dis
453 1253 519 1328 istis
534 1252 725 1332 Annalibus,
748 1245 921 1323 incredibili
938 1244 1113 1330 induſtria,
1138 1246 1268 1332 sudore,
1293 1254 1470 1373 Viqiliisque
1484 1266 1653 1358 elsbffltib

391 1357 547 1455 praecipua
570 1353 615 1424 illi
638 1349 702 1440 jam
718 1345 948 1448 septiugerrario
974 1370 1044 1417 cura
1060 1342 1148 1418 suit:
1175 1354 1208 1419 δι
1232 1352 1353 1429 merito
1377 1357 1534 1449 quidem:
1559 1369 1654 1460 quic·

392 1452 473 1550 quid
488 1455 538 1525 ille
562 1449 699 1534 senserit,
723 1469 784 1519 non
809 1466 873 1518 tam
898 1437 1018 1544 ipsius,
1041 1444 1140 1538 quim
1164 1444 1357 1542 posteromm
1374 1456 1545 1549 plurimiim
1559 1464 1654 1537 inter·
1809 1455 1814 1464 ⁸

392 1550 475 1628 elle,
499 1570 536 1622 ut
559 1542 824 1621 hiaccuratiffimi
847 1544 1023 1655 omnigena
1042 1546 1251 1637 Antiquitatis
1274 1554 1526 1635 commentarii,
1559 1583 1654 1636 manu

394 1649 519 1749 propria
543 1647 686 1729 elimati,
718 1642 753 1716 δὲ
777 1644 891 1738 absque
914 1644 1017 1714 ahenis
1036 1638 1280 1716 admixtionihus
1304 1648 1436 1743 integri,
1460 1657 1526 1751 ipso
1549 1657 1653 1734 adhuc

395 1751 543 1828 vivente,
574 1746 757 1844 legerentur.
808 1733 992 1814 Felicissime
1026 1765 1103 1839 ergo
1124 1742 1248 1812 Mira·
1277 1750 1323 1818 A.
1348 1749 1501 1827 MDCL.
1534 1760 1653 1850 prodiit

395 1849 563 1919 Annalem
571 1868 644 1942 pars
649 1852 748 1939 μίαν,
771 1836 792 1911 ὶ
804 1849 935 1938 teniporr'r
947 1839 1084 1930 Helloriri
1091 1850 1226 1937 principio
1238 1892 1249 1926 ,
1274 1846 1364 1943 usque
1376 1849 1419 1919 ad
1434 1855 1652 1930 Maccabaico·

393 1970 466 2018 rum
480 1942 741 2041 inituprodutia:
762 1936 824 2011 narei
837 1965 905 2010 um
919 1964 1020 2009 rerum
1034 1936 1240 2011 Asiaticamm
1261 1952 1299 2024 ὠ*
1314 1948 1544 2043 AEgyptiarum
1561 1954 1651 2027 clm-

394 2055 487 2116 nico.-
509 2066 605 2137 quam
622 2037 727 2138 postea
750 2044 797 2113 A.
819 2040 1027 2113 MDCLIV.
1050 2036 1152 2107 secuta
1176 2036 1221 2109 est
1244 2046 1319 2111 Pars
1331 2043 1491 2137 pulcrior,
1519 2063 1551 2121 in
1572 2079 1653 2153 μ,

386 2166 489 2243 prater
513 2140 744 2213 Maccabeicam
769 2148 807 2223 ό*
828 2143 917 2208 Noui
935 2134 1280 2227 Testmeusthussortaen,
1302 2145 1420 2237 Imperii
1432 2149 1652 2226 Romanorum

394 2238 600 2333 Caſsermsub
613 2247 656 2313 C.
670 2235 765 2342 Julio
784 2247 822 2322 cl*
837 2236 1017 2310 otranno
1030 2257 1135 2319 ortua,
1159 2261 1315 2335 rerumque
1326 2248 1358 2308 in
1374 2240 1450 2316 Asta
1466 2257 1504 2330 (y
1519 2252 1652 2350 AEgyp-
1706 2238 1711 2248 ⁸

393 2361 428 2412 to
436 2339 586 2441 gestarum
598 2349 756 2409 ruminetur
770 2337 953 2418 Gitonem,
985 2331 1024 2404 ab
1045 2330 1199 2404 Antiochi
1223 2332 1393 2430 Epiphanis
1415 2356 1496 2444 regni
1515 2351 1656 2429 exarui..

392 2437 479 2538 ufipoe
491 2438 535 2507 ad
542 2444 660 2538 Imperii
672 2433 851 2532 Vespasiani
863 2443 950 2504 initia
964 2454 1052 2531 atque
1067 2455 1232 2502 extremm
1245 2434 1357 2532 Templa·
1369 2448 1407 2521 <ff
1420 2449 1498 2543 Κεφ,
1512 2441 1654 2537 Jmn
1728 2447 1730 2452 '
1816 2401 1819 2406 Ι

390 2538 537 2611 excidium
567 2536 737 2607 dduslusn·
785 2533 884 2605 Hisce
915 2553 990 2603 vero
1020 2531 1193 2602 Annalibus
1227 2529 1444 2628 posterioribus
1473 2538 1652 2617 addendum

393 2637 495 2735 primo
518 2631 676 2719 instituit,
699 2632 884 2726 Ecclesiastici
910 2627 1042 2700 chrum
1060 2637 1274 2707 Brevem,
1305 2636 1396 2733 usqne
1414 2638 1458 2707 ad
1475 2655 1575 2742 quarte·
1591 2644 1651 2742 pul

393 2734 537 2826 Oa'qsm
563 2756 670 2805 natum
688 2732 785 2822 seculi
811 2730 979 2802 exordium.
1032 2726 1135 2815 Quod
1162 2730 1280 2801 utinam
1311 2734 1511 2812 absolvislet!
1546 2740 1656 2815 Postea

391 2836 524 2905 Annales
546 2830 580 2903 hi
604 2832 717 2907 veteris
737 2836 772 2901 δι
795 2828 871 2901 novi
903 2823 1099 2898 Testamenti
1127 2827 1217 2901 simul
1248 2826 1326 2901 editi
1355 2856 1436 2907 erant
1467 2844 1585 2933 Parisiis
1606 2846 1653 2915 A.

446 3027 583 3116 Qantie
606 3023 760 3122 plausrbm
785 3016 950 3118 exceptum
977 3021 1074 3096 fuerit
1104 3022 1167 3095 hoc
1196 3024 1483 3106 defideratiffimum
1515 3058 1593 3130 opus
1616 3042 1651 3107 dc

390 3125 521 3198 maximi
538 3124 570 3194 in
586 3125 673 3197 omni
691 3119 820 3196 historia
832 3121 928 3208 usus,
952 3147 1030 3195 curn
1046 3119 1082 3192 id
1101 3123 1247 3194 omnibus
1272 3126 1302 3195 in
1329 3123 1474 3200 harumce
1493 3132 1651 3205 literarum

300 3232 305 3240 '
391 3222 501 3297 studiis
517 3218 617 3319 palo
633 3223 821 3306 versantibus
836 3215 877 3293 lit
891 3244 962 3293 com
1033 3219 1186 3301 ssimum,
1212 3246 1272 3294 non
1283 3246 1361 3321 opus
1370 3226 1433 3314 est,
1458 3226 1555 3301 uthic
1569 3232 1652 3303 mul·

264 3375 269 3380 -
392 3325 433 3397 tis
447 3318 625 3396 ostendam,
695 3316 821 3414 Qidni
838 3341 938 3393 tamen
977 3323 1090 3401 ixero,
1123 3316 1392 3422 chronologiam,
1422 3349 1487 3401 tam
1502 3330 1613 3402 sacrm
1636 3379 1655 3409 ,-

254 4301 265 4340 Ι

389 3419 486 3519 quim
503 3423 628 3494 civilem
644 3470 655 3504 ,
680 3446 754 3515 quae
768 3417 913 3496 haetenus
929 3417 1013 3518 spilla
1027 3421 1213 3493 obscuritate
1227 3429 1261 3495 δι
1290 3425 1506 3503 incertitudine
1529 3430 1650 3504 labora·

387 3525 483 3601 verit,
506 3521 570 3616 jam
584 3518 622 3590 ad
637 3540 752 3593 certam
767 3519 954 3613 facilemque
969 3516 1157 3610 methodum
1177 3519 1329 3598 redactam
1353 3552 1363 3608 3
1397 3528 1543 3626 Epochas
1567 3532 1647 3601 cele·

386 3623 501 3695 briores
515 3642 585 3693 turn
600 3617 806 3715 Judcm,
832 3639 908 3717 puta
921 3621 1005 3691 orbis
1022 3618 1170 3701 conditi,
1195 3620 1308 3695 diluvii
1331 3670 1343 3705 ,
1375 3628 1475 3697 exitus
1498 3630 1654 3697 Israelita·v

385 3746 478 3797 rum,
502 3745 542 3791 ex
556 3727 720 3831 vfgypro,
743 3715 977 3811 eorundemque
990 3742 1029 3789 ex
1045 3720 1222 3815 captivitate
1236 3719 1403 3824 Babylonica
1419 3720 1559 3798 reditus,¹
1576 3741 1646 3797 tum

384 3819 510 3890 aliarum
525 3821 708 3903 Genuum,
734 3820 782 3890 uti
798 3813 1060 3918 olympiadum,
1084 3814 1282 3909 Nabonafficri
1307 3866 1318 3898 ,
1359 3826 1455 3889 Rom
1474 3815 1609 3894 conditae
1632 3874 1645 3911 ,

383 3940 517 4010 quarum
525 3914 665 4006 annijam
678 3914 787 3989 ordine
802 3916 1025 4015 imperturbato
1033 3912 1212 3986 decurrunt:
1227 3923 1290 3999 (ex
1303 3910 1413 3987 harum
1421 3918 1505 3991 enim
1513 3920 1644 4022 origini·

385 4014 443 4085 bus
453 4015 588 4090 evolutis
600 4013 835 4111 monstratisque
851 4011 965 4112 pendet
980 4014 1134 4084 luculenta
1148 4035 1250 4083 rerum
1266 4013 1386 4109 ubique
1399 4016 1556 4116 gestarum
1570 4047 1651 4123 cog.
1787 4053 1796 4070 ·

385 4112 489 4190 nitio,
512 4134 546 4186 ut
562 4114 650 4187 nullo
664 4116 796 4215 negotio
811 4114 843 4184 in
859 4112 1021 4184 communi
1092 4107 1158 4183 iodi
1174 4107 1451 4206 Jula'mmensura
1465 4116 1556 4195 simul
1571 4146 1647 4196 con·

382 4210 501 4311 jungi,
527 4214 692 4311 conparat
711 4264 724 4303 ,
747 4211 951 4288 &conciliari
1046 4229 1102 4298 nt,
1126 4206 1471 4295 nosochomium
1477 4271 1490 4308 ,
1514 4220 1652 4312 denique

1574 4336 1654 4388 tem·
