4250 5184
703 593 1406 706 JacontUstaterr.
1637 632 1686 718 73

429 725 528 801 fidem
542 736 576 804 δι
592 728 768 804 ἀοᾶῑίηαω
781 728 930 805 Ecclesiae
952 735 1121 831 Anglicanae
1143 755 1192 800 ma
1217 754 1251 801 na
1270 711 1343 802 cum
1360 731 1537 804 solennitate
1553 739 1693 829 nuperri-

426 829 480 900 me
495 852 649 926 receptam
662 838 695 901 &
717 832 898 926 probatam,
921 828 984 901 istis
1009 830 1162 926 prioribus
1184 756 1381 925 dogmatibus
1404 828 1555 915 admissis,
1579 831 1689 911 denus)

427 927 625 1016 rejiciendam
640 924 921 1024 &improbandam
938 925 1008 997 elle.
1059 925 1148 998 Ciam
1162 948 1240 1023 ergo
1255 927 1308 996 vix
1320 928 1490 1020 quicquam
1506 930 1637 1026 praesidii
1653 937 1686 1004 in

428 1021 492 1097 hoc
506 1023 628 1124 effugio
639 1023 852 1121 reperiendum
865 1021 958 1108 ess‘et,
981 1029 1029 1096 D.
1046 1030 1212 1120 Proregem
1228 1024 1356 1120 supplici
1369 1028 1508 1098 oratione
1525 1052 1683 1128 rogarunt,

428 1142 464 1193 ut
476 1125 555 1197 illius
568 1125 723 1220 auspiciis,
746 1148 824 1221 ope,
850 1130 884 1195 &
901 1147 996 1199 cura,
1012 1123 1130 1192 articuli
1144 1120 1313 1197 Hibernia,
1336 1141 1404 1192 ante
1414 1125 1616 1200 novendecim
1625 1155 1679 1200 an·

425 1244 481 1292 nos
496 1222 632 1299 conditi,
657 1224 725 1319 lege
747 1228 780 1292 δι
795 1222 949 1293 sanelione
965 1220 1193 1290 parlamentaria
1209 1220 1264 1288 rati
1279 1216 1482 1293 haberentur:
1506 1225 1556 1296 ille
1577 1248 1680 1301 autem

423 1315 500 1391 huic
517 1319 720 1417 propositioni
735 1320 926 1391 inconcinnae
944 1340 1048 1389 aurem
1063 1336 1116 1386 aut
1133 1316 1271 1399 facilem,
1298 1337 1349 1387 aut
1366 1319 1549 1414 patientem,
1566 1329 1682 1418 pfaebe.

421 1442 456 1487 te
472 1419 609 1504 nolebat,
638 1415 731 1502 itud,
752 1416 829 1490 ciam
849 1418 932 1488 illam
952 1415 1020 1512 paci
1042 1414 1179 1511 publicae
1202 1415 1338 1486 matimd
1354 1417 1528 1489 nocituram
1546 1423 1610 1493 elle
1624 1449 1680 1520 pro

421 1516 583 1611 sagacitate
603 1519 654 1589 sua
674 1512 891 1610 praesensisset,
922 1516 1042 1586 summa
1063 1537 1138 1583 cum
1163 1510 1374 1607 indignatione
1389 1517 1537 1587 aversatus
1562 1519 1623 1595 cst,
1647 1528 1682 1592 δι

424 1608 562 1705 denique
578 1610 691 1684 fifides
703 1622 793 1683 Sertis
807 1610 1031 1683 Commiffitiis
1047 1611 1080 1679 in
1096 1608 1293 1681 acerbissimae
1316 1612 1559 1697 criminationis,
1585 1620 1682 1689 Parla-

422 1730 533 1779 mento
547 1714 707 1810 Anglicano
722 1715 768 1782 A.
784 1711 988 1781 MDCXLI.
1001 1706 1142 1778 adversus
1156 1711 1204 1779 D.
1218 1708 1429 1801 Strafford'um
1442 1708 1609 1798 exhibitae,
1633 1741 1680 1785 at·

422 1808 547 1892 riculis,
571 1804 792 1878 fitadhibenda
818 1815 834 1886 (
842 1830 857 1874 a
863 1808 902 1899 ),
925 1808 969 1878 D.
979 1804 1238 1898 vffnioaliisque.
1260 1807 1306 1886 sc,
1331 1808 1366 1875 ni
1384 1806 1421 1875 ab
1430 1806 1531 1881 isthoc
1540 1811 1679 1908 propoli·

421 1926 458 1975 to
474 1903 664 1983 absisterent.
689 1925 726 1975 ue
740 1905 858 1976 articuli
872 1901 922 1975 isti
942 1903 1050 1976 infami
1067 1903 1185 1999 publici
1194 1901 1357 1977 carnificis
1370 1929 1462 1977 manu
1479 1905 1679 1983 flammistta·

420 1999 811 2090 detenturmandatutum,
836 2002 1041 2075 comminatus
1054 1999 1110 2073 est.

471 2099 648 2174 Certilltmd
663 2101 797 2188 constat,
821 2097 911 2196 quod
926 2101 965 2169 ab
978 2101 1059 2173 illius
1075 2098 1223 2172 Ecdesrae
1245 2100 1407 2197 Episcopis
1431 2110 1465 2175 δι
1488 2104 1675 2203 Presbyteris

390 2283 392 2287 ‚
416 2200 495 2299 sape
515 2199 624 2297 saepius
642 2202 765 2299 accepi,
788 2201 807 2270 a
831 2221 972 2295 tempore
991 2195 1160 2270 restaurata
1179 2196 1376 2271 Monarchiae
1398 2206 1432 2272 &
1456 2201 1603 2276 Ecclesiae
1617 2205 1675 2276 sub

415 2303 462 2374 R.
480 2302 581 2369 Carrio
601 2304 647 2372 Il.
681 2305 728 2372 A.
752 2303 941 2373 MDCLX.
966 2298 1043 2369 solos
1067 2293 1215 2367 Ecclefiae
1245 2300 1410 2395 Anglicanae
1441 2303 1584 2373 articulos
1612 2302 1675 2392 jam

413 2394 494 2493 apud
519 2398 599 2495 ipsos
619 2400 741 2497 agnitos
764 2404 799 2469 δι
823 2398 856 2467 in
872 2397 929 2467 usu
943 2394 1029 2466 elle:
1054 2393 1223 2466 Hiberrscor
1236 2391 1317 2470 iero
1332 2393 1455 2468 dudum
1478 2398 1676 2488 obsolevisse,

412 2502 447 2566 ἃ
462 2496 500 2566 ab
507 2489 656 2582 ,omnium
671 2496 823 2568 memoria
837 2493 918 2593 pene
933 2488 1100 2580 excidisse,
1124 2493 1346 2593 &incognitos
1362 2496 1470 2580 latete,
1496 2520 1533 2569 ac
1557 2494 1581 2570 sr
1597 2522 1678 2572 nun·

439 2619 509 2666 uam
526 2592 719 2667 exstitissent.
1813 2650 1816 2657 -

412 2617 437 2688 q
462 2698 500 2764 In
518 2689 624 2764 eadem
648 2690 798 2792 synodo,
822 2692 887 2765 five
909 2692 1094 2790 suggerente
1110 2690 1176 2767 five
1190 2713 1378 2791 proponente
1393 2695 1476 2769 Viro
1490 2693 1672 2778 doctissimo
1725 2733 1728 2740 ·

411 2797 444 2861 ἃ
458 2788 719 2889 ptaestantissimo,
743 2796 791 2865 D.
802 2787 925 2887 Joanne
941 2791 1126 2876 Brmrhallo,
1151 2815 1249 2891 nuper
1263 2796 1310 2864 D.
1330 2795 1455 2892 Protegi
1473 2795 1591 2868 alacris
1612 2792 1671 2868 do·

411 2886 561 2966 mesticis.
584 2892 746 2986 Episcopo
764 2892 888 2981 Derenst
910 2895 945 2960 δι
965 2887 1069 2987 postea
1085 2888 1289 2988 Archiepisco
1349 2894 1555 2973 mam,
1580 2900 1614 2965 &
1627 2891 1669 2966 de

319 2999 324 3008 '
413 2984 552 3058 Ecclesia
566 2985 749 3078 Hiberniae,
782 2984 896 3079 siquis
910 3010 1070 3081 unquam,
1093 2991 1141 3060 uti
1163 2992 1257 3059 ctiam
1301 2993 1516 3087 eAnglr'cm,
1540 2993 1665 3082 optimd

414 3084 547 3161 merito,
560 3077 600 3154 de
613 3083 736 3183 integro
749 3089 957 3157 Canonum&
973 3085 1246 3160 constitutionum
1263 3087 1294 3156 in
1311 3082 1455 3183 Synodo,
1479 3086 1605 3159 hadre
1623 3092 1666 3161 Α.

412 3185 595 3255 MDCIII.
610 3186 643 3252 &
657 3182 761 3278 primo
784 3186 833 3258 R.
878 3180 956 3256 acolt
968 3189 996 3257 1.
1020 3209 1099 3257 anno
1120 3185 1283 3269 celebrata,
1308 3182 1516 3254 conclusarum
1536 3207 1665 3280 corpore

409 3283 443 3355 in
459 3281 548 3351 usum
560 3277 647 3352 istius
661 3277 838 3353 Ecclesiaea
894 3280 1031 3366 ittendo,
1055 3281 1259 3382 disceptatum
1282 3300 1370 3354 erat:
1395 3278 1448 3353 sed
1470 3280 1591 3354 strenue
1612 3279 1667 3351 ad-

281 3455 288 3468 ,
408 3376 544 3453 modiun
559 3375 748 3451 intercessere
770 3383 819 3452 D.
838 3380 966 3473 vfferr'us
977 3383 1116 3475 aliique:
1142 3382 1263 3455 tandem
1278 3381 1376 3468 verb,
1400 3381 1506 3454 litibus
1521 3379 1586 3454 istis
1601 3382 1666 3454 ces·

406 3480 555 3556 sontibus,
580 3479 662 3572 pacis
679 3478 783 3561 causi,
807 3502 920 3550 omnes
934 3481 966 3551 in
981 3504 1075 3552 unam
1088 3478 1167 3559 hanc
1182 3484 1361 3557 sententiam
1374 3480 1527 3565 accessere,
1545 3482 1664 3553 multos
1803 3525 1806 3532 ·

407 3606 445 3651 ex
459 3574 640 3676 praelaudato
653 3575 734 3648 libro
750 3584 895 3653 Canonas
909 3578 994 3677 seligi
1002 3602 1163 3676 oportete3
1189 3584 1315 3675 reliquis
1329 3582 1388 3673 qui
1403 3581 1537 3674 politeiae
1551 3579 1665 3647 Eccle-

290 3673 293 3678 ’
407 3677 458 3749 srae
475 3674 652 3758 sabamae,
678 3677 837 3749 &Gentis
849 3672 936 3749 istius
943 3678 1058 3777 genio,
1082 3678 1199 3764 indoli,
1225 3679 1429 3769 motibusque
1442 3675 1539 3770 magis
1547 3695 1662 3744 conve-

405 3776 525 3852 nitent,
548 3774 707 3844 communi
729 3774 950 3847 consultatione
963 3773 1107 3867 adjectio
1133 3778 1280 3871 equibus
1304 3773 1395 3845 fimul
1409 3766 1589 3852 commissis,
1604 3792 1662 3840 no·

405 3901 465 3950 vus
479 3875 530 3945 ille
543 3870 783 3965 costentinus»
797 3883 835 3957 ὠ
850 3877 1001 3946 warum
1022 3875 1275 3967 Ecclestalsr‘corum
1292 3867 1443 3943 conflatus
1462 3867 1538 3941 libet
1552 3865 1663 3941 Dabla·-

276 3985 282 3996 ‘
305 4071 308 4076 Ι
404 3985 445 4045 air·
459 3966 600 4071 prodibat
632 3973 679 4043 A.
693 3975 947 4048 MDCXXXV.
965 3972 983 4043 d
998 3976 1102 4072 Regia
1119 3969 1283 4066 Maiestate
1297 3969 1500 4068 approbatus,
1525 3974 1558 4042 δι
1580 3966 1662 4059 ejus·

1094 4077 1128 4149 K
1587 4065 1663 4140 dem

397 4332 501 4473 1¹tt>
520 4330 802 4410 notmanniam
815 4321 1079 4414 nutriantur
1092 4325 1120 4386 tr
1133 4319 1380 4385 terramtenus
1395 4320 1426 4384 ta
1438 4311 1663 4394 ponpam

427 4422 472 4480 tae,
479 4423 543 4488 1²⁸8·
556 4429 622 4489 775·
828 4419 832 4426 ¹
