<?xml version="1.0" encoding="UTF-8"?>
<!DOCTYPE html PUBLIC "-//W3C//DTD XHTML 1.0 Transitional//EN"
    "http://www.w3.org/TR/xhtml1/DTD/xhtml1-transitional.dtd">
<html xmlns="http://www.w3.org/1999/xhtml" xml:lang="en" lang="en">
 <head>
  <title>
</title>
<meta http-equiv="Content-Type" content="text/html;charset=utf-8" />
  <meta name='ocr-system' content='tesseract 3.04.00' />
  <meta name='ocr-capabilities' content='ocr_page ocr_carea ocr_par ocr_line ocrx_word'/>
</head>
<body>
  <div class='ocr_page' id='page_1' title='image "./vitquorundameru00smitgoog_0087.png"; bbox 0 0 4250 5184; ppageno 0'>
   <div class='ocr_carea' id='block_1_1' title="bbox 399 601 1823 3484">
    <p class='ocr_par' dir='ltr' id='par_1_1' title="bbox 399 601 1823 3484">
     <span class='ocr_line' id='line_1_1' title="bbox 682 601 1670 717; baseline 0.004 -28"><span class='ocrx_word' id='word_1_1' title='bbox 682 601 1391 713; x_wconf 76' lang='lat' dir='ltr'>Jacoanssuutr.</span> <span class='ocrx_word' id='word_1_2' title='bbox 1621 635 1670 717; x_wconf 85' lang='lat'>59</span> 
     </span>
     <span class='ocr_line' id='line_1_2' title="bbox 405 712 1670 820; baseline -0.003 -22"><span class='ocrx_word' id='word_1_3' title='bbox 405 726 455 798; x_wconf 78' lang='lat' dir='ltr'>sl.</span> <span class='ocrx_word' id='word_1_4' title='bbox 472 715 738 793; x_wconf 77' lang='lat' dir='ltr'><strong>MDCXCVII.</strong></span> <span class='ocrx_word' id='word_1_5' title='bbox 763 713 923 811; x_wconf 87' lang='lat' dir='ltr'>publicato</span> <span class='ocrx_word' id='word_1_6' title='bbox 944 713 1009 810; x_wconf 85' lang='lat' dir='ltr'>peti</span> <span class='ocrx_word' id='word_1_7' title='bbox 1027 712 1152 812; x_wconf 80' lang='lat' dir='ltr'>possint.</span> <span class='ocrx_word' id='word_1_8' title='bbox 1200 720 1327 790; x_wconf 87' lang='lat' dir='ltr'>Horum</span> <span class='ocrx_word' id='word_1_9' title='bbox 1350 719 1390 789; x_wconf 87' lang='lat' dir='ltr'>de</span> <span class='ocrx_word' id='word_1_10' title='bbox 1408 716 1572 819; x_wconf 68' lang='lat' dir='ltr'>precipuis</span> <span class='ocrx_word' id='word_1_11' title='bbox 1594 746 1670 820; x_wconf 86' lang='lat' dir='ltr'>pau·</span> 
     </span>
     <span class='ocr_line' id='line_1_3' title="bbox 406 808 1673 917; baseline 0.002 -23"><span class='ocrx_word' id='word_1_12' title='bbox 406 818 569 895; x_wconf 78' lang='lat' dir='ltr'>ciffimosr</span> <span class='ocrx_word' id='word_1_13' title='bbox 602 815 659 910; x_wconf 82' lang='lat' dir='ltr'>qui</span> <span class='ocrx_word' id='word_1_14' title='bbox 689 808 906 886; x_wconf 79' lang='lat' dir='ltr'>vetustissimas</span> <span class='ocrx_word' id='word_1_15' title='bbox 933 818 965 885; x_wconf 89' lang='lat' dir='ltr'>S.</span> <span class='ocrx_word' id='word_1_16' title='bbox 979 815 1204 910; x_wconf 82' lang='lat' dir='ltr'>Soipturatum</span> <span class='ocrx_word' id='word_1_17' title='bbox 1226 814 1379 891; x_wconf 77' lang='lat' dir='ltr'>versiones</span> <span class='ocrx_word' id='word_1_18' title='bbox 1403 819 1673 917; x_wconf 70' lang='lat' dir='ltr'>complectuntur,</span> 
     </span>
     <span class='ocr_line' id='line_1_4' title="bbox 399 910 1788 1022; baseline -0.004 -29"><span class='ocrx_word' id='word_1_19' title='bbox 399 920 544 1022; x_wconf 73' lang='lat' dir='ltr'>prunulis</span> <span class='ocrx_word' id='word_1_20' title='bbox 565 910 817 985; x_wconf 82' lang='lat' dir='ltr'>adnotationibus</span> <span class='ocrx_word' id='word_1_21' title='bbox 837 912 954 983; x_wconf 80' lang='lat' dir='ltr'>insertis</span> <span class='ocrx_word' id='word_1_22' title='bbox 988 958 999 986; x_wconf 79' lang='grc'><strong>,</strong></span> <span class='ocrx_word' id='word_1_23' title='bbox 1037 916 1227 986; x_wconf 79' lang='lat' dir='ltr'>munorabo.</span> <span class='ocrx_word' id='word_1_24' title='bbox 1689 960 1788 1019; x_wconf 75' lang='lat' dir='ltr'>Penu-</span> 
     </span>
     <span class='ocr_line' id='line_1_5' title="bbox 458 1006 1808 1117; baseline 0.006 -29"><span class='ocrx_word' id='word_1_25' title='bbox 458 1016 617 1114; x_wconf 78' lang='lat' dir='ltr'>Imprimis</span> <span class='ocrx_word' id='word_1_26' title='bbox 645 1033 723 1084; x_wconf 86' lang='lat' dir='ltr'>veto</span> <span class='ocrx_word' id='word_1_27' title='bbox 744 1008 943 1081; x_wconf 81' lang='lat' dir='ltr'>recensendus</span> <span class='ocrx_word' id='word_1_28' title='bbox 955 1006 1040 1079; x_wconf 85' lang='lat' dir='ltr'>venit</span> <span class='ocrx_word' id='word_1_29' title='bbox 1055 1010 1279 1085; x_wconf 71' lang='lat' dir='ltr'>pentateuchus</span> <span class='ocrx_word' id='word_1_30' title='bbox 1293 1015 1511 1101; x_wconf 70' lang='lat' dir='ltr'>Samaritanus,</span> <span class='ocrx_word' id='word_1_31' title='bbox 1523 1041 1627 1117; x_wconf 39' lang='lat' dir='ltr'>,quem</span> <span class='ocrx_word' id='word_1_32' title='bbox 1640 1018 1808 1095; x_wconf 70' lang='lat' dir='ltr'>litmaro·</span> 
     </span>
     <span class='ocr_line' id='line_1_6' title="bbox 403 1104 1809 1203; baseline -0.002 -11"><span class='ocrx_word' id='word_1_33' title='bbox 403 1119 464 1193; x_wconf 74' lang='lat' dir='ltr'>cet</span> <span class='ocrx_word' id='word_1_34' title='bbox 473 1117 640 1189; x_wconf 71' lang='lat' dir='ltr'>Hennaea</span> <span class='ocrx_word' id='word_1_35' title='bbox 655 1110 776 1182; x_wconf 84' lang='lat' dir='ltr'>veritati</span> <span class='ocrx_word' id='word_1_36' title='bbox 786 1108 898 1179; x_wconf 86' lang='lat' dir='ltr'>millies</span> <span class='ocrx_word' id='word_1_37' title='bbox 911 1104 1161 1203; x_wconf 81' lang='lat' dir='ltr'>postponendum</span> <span class='ocrx_word' id='word_1_38' title='bbox 1176 1113 1350 1190; x_wconf 83' lang='lat' dir='ltr'>censuerit,</span> <span class='ocrx_word' id='word_1_39' title='bbox 1374 1135 1473 1186; x_wconf 89' lang='lat' dir='ltr'>tamen</span> <span class='ocrx_word' id='word_1_40' title='bbox 1483 1137 1551 1186; x_wconf 92' lang='lat' dir='ltr'>tum</span> <span class='ocrx_word' id='word_1_41' title='bbox 1558 1118 1602 1189; x_wconf 92' lang='lat' dir='ltr'>ob</span> <span class='ocrx_word' id='word_1_42' title='bbox 1617 1115 1675 1188; x_wconf 88' lang='lat' dir='ltr'>sro·</span> <span class='ocrx_word' id='word_1_43' title='bbox 1689 1117 1809 1171; x_wconf 65' lang='lat' dir='ltr'>&amp;mri-</span> 
     </span>
     <span class='ocr_line' id='line_1_7' title="bbox 412 1206 1779 1320; baseline 0.002 -34"><span class='ocrx_word' id='word_1_44' title='bbox 412 1217 548 1320; x_wconf 79' lang='lat' dir='ltr'>gulrrcm</span> <span class='ocrx_word' id='word_1_45' title='bbox 563 1213 742 1290; x_wconf 86' lang='lat' dir='ltr'>raritatem,</span> <span class='ocrx_word' id='word_1_46' title='bbox 766 1206 840 1278; x_wconf 75' lang='lat' dir='ltr'>rum</span> <span class='ocrx_word' id='word_1_47' title='bbox 859 1214 897 1291; x_wconf 90' lang='lat' dir='ltr'>(a</span> <span class='ocrx_word' id='word_1_48' title='bbox 905 1209 921 1294; x_wconf 87' lang='grc'><strong><em>)</em></strong></span> <span class='ocrx_word' id='word_1_49' title='bbox 946 1207 1002 1279; x_wconf 87' lang='lat' dir='ltr'>vix</span> <span class='ocrx_word' id='word_1_50' title='bbox 1016 1206 1099 1278; x_wconf 91' lang='lat' dir='ltr'>aliud</span> <span class='ocrx_word' id='word_1_51' title='bbox 1112 1212 1284 1306; x_wconf 82' lang='lat' dir='ltr'>exemplar,</span> <span class='ocrx_word' id='word_1_52' title='bbox 1308 1209 1332 1282; x_wconf 86' lang='lat' dir='ltr'>st</span> <span class='ocrx_word' id='word_1_53' title='bbox 1353 1210 1434 1283; x_wconf 73' lang='lat' dir='ltr'>sorte</span> <span class='ocrx_word' id='word_1_54' title='bbox 1457 1211 1558 1298; x_wconf 90' lang='lat' dir='ltr'>illud,</span> <span class='ocrx_word' id='word_1_55' title='bbox 1583 1214 1673 1309; x_wconf 92' lang='lat' dir='ltr'>quod</span> <span class='ocrx_word' id='word_1_56' title='bbox 1688 1206 1779 1249; x_wconf 61' lang='lat'>‘²⁰⁰¹&#39;</span> 
     </span>
     <span class='ocr_line' id='line_1_8' title="bbox 402 1305 1673 1409; baseline -0.004 -18"><span class='ocrx_word' id='word_1_57' title='bbox 402 1327 512 1392; x_wconf 66' lang='lat' dir='ltr'>raras</span> <span class='ocrx_word' id='word_1_58' title='bbox 526 1325 547 1383; x_wconf 80' lang='lat' dir='ltr'>a</span> <span class='ocrx_word' id='word_1_59' title='bbox 562 1310 663 1391; x_wconf 80' lang='lat' dir='ltr'>Valle,</span> <span class='ocrx_word' id='word_1_60' title='bbox 686 1306 833 1377; x_wconf 81' lang='lat' dir='ltr'>Patricius</span> <span class='ocrx_word' id='word_1_61' title='bbox 846 1305 1020 1388; x_wconf 69' lang='lat' dir='ltr'>terrram,</span> <span class='ocrx_word' id='word_1_62' title='bbox 1043 1329 1083 1377; x_wconf 84' lang='lat' dir='ltr'>ex</span> <span class='ocrx_word' id='word_1_63' title='bbox 1106 1310 1240 1380; x_wconf 79' lang='lat' dir='ltr'>Oriente</span> <span class='ocrx_word' id='word_1_64' title='bbox 1264 1310 1428 1391; x_wconf 88' lang='lat' dir='ltr'>tatulerat,</span> <span class='ocrx_word' id='word_1_65' title='bbox 1469 1315 1673 1409; x_wconf 84' lang='lat' dir='ltr'>excipiamus,</span> 
     </span>
     <span class='ocr_line' id='line_1_9' title="bbox 400 1399 1673 1508; baseline -0.004 -19"><span class='ocrx_word' id='word_1_66' title='bbox 400 1418 439 1489; x_wconf 86' lang='lat' dir='ltr'>in</span> <span class='ocrx_word' id='word_1_67' title='bbox 460 1420 577 1508; x_wconf 81' lang='lat' dir='ltr'>Europa</span> <span class='ocrx_word' id='word_1_68' title='bbox 597 1427 682 1477; x_wconf 84' lang='lat' dir='ltr'>anter</span> <span class='ocrx_word' id='word_1_69' title='bbox 702 1399 935 1497; x_wconf 81' lang='lat' dir='ltr'>comparuisset,</span> <span class='ocrx_word' id='word_1_70' title='bbox 958 1421 1029 1475; x_wconf 86' lang='lat' dir='ltr'>turn</span> <span class='ocrx_word' id='word_1_71' title='bbox 1043 1404 1087 1475; x_wconf 93' lang='lat' dir='ltr'>ob</span> <span class='ocrx_word' id='word_1_72' title='bbox 1101 1407 1291 1478; x_wconf 88' lang='lat' dir='ltr'>uberrimum</span> <span class='ocrx_word' id='word_1_73' title='bbox 1307 1405 1446 1482; x_wconf 73' lang='lat' dir='ltr'>fructum</span> <span class='ocrx_word' id='word_1_74' title='bbox 1463 1412 1619 1506; x_wconf 84' lang='lat' dir='ltr'>sacrosque</span> <span class='ocrx_word' id='word_1_75' title='bbox 1634 1433 1673 1484; x_wconf 88' lang='lat' dir='ltr'>u·</span> 
     </span>
     <span class='ocr_line' id='line_1_10' title="bbox 405 1499 1675 1604; baseline -0.002 -20"><span class='ocrx_word' id='word_1_76' title='bbox 405 1518 471 1590; x_wconf 87' lang='lat' dir='ltr'>sus,</span> <span class='ocrx_word' id='word_1_77' title='bbox 496 1512 527 1581; x_wconf 93' lang='lat' dir='ltr'>in</span> <span class='ocrx_word' id='word_1_78' title='bbox 550 1499 732 1602; x_wconf 84' lang='lat' dir='ltr'>explicando</span> <span class='ocrx_word' id='word_1_79' title='bbox 751 1503 914 1575; x_wconf 75' lang='lat' dir='ltr'>Hebraico</span> <span class='ocrx_word' id='word_1_80' title='bbox 933 1520 1023 1574; x_wconf 85' lang='lat' dir='ltr'>textu</span> <span class='ocrx_word' id='word_1_81' title='bbox 1039 1511 1073 1573; x_wconf 77' lang='grc' dir='ltr'>δι</span> <span class='ocrx_word' id='word_1_82' title='bbox 1088 1506 1199 1578; x_wconf 84' lang='lat' dir='ltr'>Graeca</span> <span class='ocrx_word' id='word_1_83' title='bbox 1216 1503 1371 1589; x_wconf 74' lang='lat' dir='ltr'>versione,</span> <span class='ocrx_word' id='word_1_84' title='bbox 1398 1506 1470 1578; x_wconf 82' lang='lat' dir='ltr'>inde</span> <span class='ocrx_word' id='word_1_85' title='bbox 1490 1506 1675 1604; x_wconf 84' lang='lat' dir='ltr'>depromen-</span> 
     </span>
     <span class='ocr_line' id='line_1_11' title="bbox 402 1598 1768 1704; baseline 0.003 -28"><span class='ocrx_word' id='word_1_86' title='bbox 402 1609 485 1692; x_wconf 81' lang='lat' dir='ltr'>dos,</span> <span class='ocrx_word' id='word_1_87' title='bbox 510 1604 643 1704; x_wconf 85' lang='lat' dir='ltr'>ingentis</span> <span class='ocrx_word' id='word_1_88' title='bbox 656 1599 787 1672; x_wconf 84' lang='lat' dir='ltr'>thesauri</span> <span class='ocrx_word' id='word_1_89' title='bbox 798 1598 996 1702; x_wconf 81' lang='lat' dir='ltr'>locohabuit.</span> <span class='ocrx_word' id='word_1_90' title='bbox 1047 1604 1102 1673; x_wconf 93' lang='lat' dir='ltr'>Ille</span> <span class='ocrx_word' id='word_1_91' title='bbox 1110 1602 1190 1679; x_wconf 69' lang='lat' dir='ltr'>veri)</span> <span class='ocrx_word' id='word_1_92' title='bbox 1198 1604 1314 1699; x_wconf 90' lang='lat' dir='ltr'>primus</span> <span class='ocrx_word' id='word_1_93' title='bbox 1325 1608 1487 1695; x_wconf 88' lang='lat' dir='ltr'>omnium,</span> <span class='ocrx_word' id='word_1_94' title='bbox 1513 1610 1675 1684; x_wconf 86' lang='lat' dir='ltr'>Hebta&#39;r&#39;co</span> <span class='ocrx_word' id='word_1_95' title='bbox 1737 1631 1768 1680; x_wconf 85' lang='lat' dir='ltr'>a.</span> 
     </span>
     <span class='ocr_line' id='line_1_12' title="bbox 412 1697 1823 1786; baseline 0 -5"><span class='ocrx_word' id='word_1_96' title='bbox 412 1715 449 1781; x_wconf 74' lang='grc' dir='ltr'>δι</span> <span class='ocrx_word' id='word_1_97' title='bbox 464 1705 652 1780; x_wconf 71' lang='lat' dir='ltr'>Samaritam</span> <span class='ocrx_word' id='word_1_98' title='bbox 674 1698 810 1770; x_wconf 73' lang='lat' dir='ltr'>textibus</span> <span class='ocrx_word' id='word_1_99' title='bbox 826 1697 916 1773; x_wconf 82' lang='lat' dir='ltr'>limtrl</span> <span class='ocrx_word' id='word_1_100' title='bbox 933 1702 1073 1772; x_wconf 70' lang='lat' dir='ltr'>accurre</span> <span class='ocrx_word' id='word_1_101' title='bbox 1094 1701 1210 1774; x_wconf 82' lang='lat' dir='ltr'>collatis</span> <span class='ocrx_word' id='word_1_102' title='bbox 1218 1751 1228 1786; x_wconf 89' lang='lat'>,</span> <span class='ocrx_word' id='word_1_103' title='bbox 1254 1705 1399 1776; x_wconf 85' lang='lat' dir='ltr'>variantes</span> <span class='ocrx_word' id='word_1_104' title='bbox 1420 1708 1566 1781; x_wconf 71' lang='lat' dir='ltr'>lectiones</span> <span class='ocrx_word' id='word_1_105' title='bbox 1581 1712 1674 1781; x_wconf 89' lang='lat' dir='ltr'>colle·</span> <span class='ocrx_word' id='word_1_106' title='bbox 1684 1703 1790 1746; x_wconf 60' lang='grc' dir='ltr'>Μ’</span> <span class='ocrx_word' id='word_1_107' title='bbox 1792 1705 1823 1743; x_wconf 83' lang='lat'>¹¹·</span> 
     </span>
     <span class='ocr_line' id='line_1_13' title="bbox 405 1797 1667 1907; baseline 0.007 -35"><span class='ocrx_word' id='word_1_108' title='bbox 405 1809 480 1905; x_wconf 81' lang='lat' dir='ltr'>git,</span> <span class='ocrx_word' id='word_1_109' title='bbox 503 1826 580 1898; x_wconf 83' lang='lat' dir='ltr'>quas</span> <span class='ocrx_word' id='word_1_110' title='bbox 594 1799 691 1896; x_wconf 87' lang='lat' dir='ltr'>Reip.</span> <span class='ocrx_word' id='word_1_111' title='bbox 705 1797 845 1869; x_wconf 70' lang='lat' dir='ltr'>literaria</span> <span class='ocrx_word' id='word_1_112' title='bbox 856 1799 1128 1883; x_wconf 79' lang='lat' dir='ltr'>communicasset,</span> <span class='ocrx_word' id='word_1_113' title='bbox 1154 1799 1339 1897; x_wconf 82' lang='lat' dir='ltr'>siquispiam</span> <span class='ocrx_word' id='word_1_114' title='bbox 1351 1824 1391 1875; x_wconf 90' lang='lat' dir='ltr'>ex</span> <span class='ocrx_word' id='word_1_115' title='bbox 1402 1803 1585 1879; x_wconf 81' lang='lat' dir='ltr'>nostratibus</span> <span class='ocrx_word' id='word_1_116' title='bbox 1593 1812 1667 1907; x_wconf 79' lang='lat' dir='ltr'>Ty·</span> 
     </span>
     <span class='ocr_line' id='line_1_14' title="bbox 409 1895 1669 2003; baseline 0.008 -32"><span class='ocrx_word' id='word_1_117' title='bbox 409 1899 604 2003; x_wconf 83' lang='lat' dir='ltr'>pographit,</span> <span class='ocrx_word' id='word_1_118' title='bbox 629 1895 751 1970; x_wconf 86' lang='lat' dir='ltr'>certiori</span> <span class='ocrx_word' id='word_1_119' title='bbox 773 1897 859 1969; x_wconf 92' lang='lat' dir='ltr'>lucto</span> <span class='ocrx_word' id='word_1_120' title='bbox 878 1895 1089 1983; x_wconf 83' lang='lat' dir='ltr'>inhiantibus,</span> <span class='ocrx_word' id='word_1_121' title='bbox 1116 1895 1150 1969; x_wconf 92' lang='lat' dir='ltr'>id</span> <span class='ocrx_word' id='word_1_122' title='bbox 1171 1901 1288 1995; x_wconf 82' lang='lat' dir='ltr'>operis,</span> <span class='ocrx_word' id='word_1_123' title='bbox 1314 1901 1402 1992; x_wconf 83' lang='lat' dir='ltr'>cujus</span> <span class='ocrx_word' id='word_1_124' title='bbox 1423 1901 1612 1979; x_wconf 84' lang='lat' dir='ltr'>beneficium</span> <span class='ocrx_word' id='word_1_125' title='bbox 1634 1915 1669 1981; x_wconf 80' lang='lat' dir='ltr'>dc</span> 
     </span>
     <span class='ocr_line' id='line_1_15' title="bbox 406 1996 1670 2101; baseline 0.003 -26"><span class='ocrx_word' id='word_1_126' title='bbox 406 2021 610 2076; x_wconf 82' lang='lat' dir='ltr'>momentum</span> <span class='ocrx_word' id='word_1_127' title='bbox 623 1996 712 2097; x_wconf 86' lang='lat' dir='ltr'>pauci</span> <span class='ocrx_word' id='word_1_128' title='bbox 724 2014 777 2067; x_wconf 87' lang='lat' dir='ltr'>aut</span> <span class='ocrx_word' id='word_1_129' title='bbox 790 1996 1011 2075; x_wconf 81' lang='lat' dir='ltr'>intellexerint,</span> <span class='ocrx_word' id='word_1_130' title='bbox 1035 2019 1088 2069; x_wconf 83' lang='lat' dir='ltr'>rut</span> <span class='ocrx_word' id='word_1_131' title='bbox 1101 2000 1161 2071; x_wconf 74' lang='lat' dir='ltr'>tite</span> <span class='ocrx_word' id='word_1_132' title='bbox 1171 2004 1203 2069; x_wconf 72' lang='lat' dir='ltr'>Sc</span> <span class='ocrx_word' id='word_1_133' title='bbox 1220 1999 1287 2071; x_wconf 85' lang='lat' dir='ltr'>satis</span> <span class='ocrx_word' id='word_1_134' title='bbox 1299 2021 1356 2096; x_wconf 90' lang='lat' dir='ltr'>pro</span> <span class='ocrx_word' id='word_1_135' title='bbox 1371 1998 1522 2101; x_wconf 83' lang='lat' dir='ltr'>dignitate</span> <span class='ocrx_word' id='word_1_136' title='bbox 1538 2004 1670 2078; x_wconf 83' lang='lat' dir='ltr'>aestima·</span> 
     </span>
     <span class='ocr_line' id='line_1_16' title="bbox 411 2087 1670 2200; baseline -0.006 -22"><span class='ocrx_word' id='word_1_137' title='bbox 411 2101 531 2178; x_wconf 83' lang='lat' dir='ltr'>verint,</span> <span class='ocrx_word' id='word_1_138' title='bbox 545 2093 697 2169; x_wconf 80' lang='lat' dir='ltr'>edendum</span> <span class='ocrx_word' id='word_1_139' title='bbox 714 2087 897 2192; x_wconf 79' lang='lat' dir='ltr'>suscepisset.</span> <span class='ocrx_word' id='word_1_140' title='bbox 935 2101 1008 2188; x_wconf 81' lang='lat' dir='ltr'>Qua</span> <span class='ocrx_word' id='word_1_141' title='bbox 1022 2097 1252 2194; x_wconf 77' lang='lat' dir='ltr'>opportunitate</span> <span class='ocrx_word' id='word_1_142' title='bbox 1266 2097 1421 2197; x_wconf 76' lang='lat' dir='ltr'>negledla‚</span> <span class='ocrx_word' id='word_1_143' title='bbox 1446 2103 1490 2174; x_wconf 82' lang='lat' dir='ltr'>V.</span> <span class='ocrx_word' id='word_1_144' title='bbox 1499 2105 1553 2177; x_wconf 83' lang='lat' dir='ltr'>Cl.</span> <span class='ocrx_word' id='word_1_145' title='bbox 1567 2099 1670 2200; x_wconf 81' lang='lat' dir='ltr'>Jrarr·</span> 
     </span>
     <span class='ocr_line' id='line_1_17' title="bbox 406 2193 1667 2294; baseline 0.002 -22"><span class='ocrx_word' id='word_1_146' title='bbox 406 2227 458 2272; x_wconf 83' lang='lat' dir='ltr'>rres</span> <span class='ocrx_word' id='word_1_147' title='bbox 472 2199 633 2282; x_wconf 78' lang='lat' dir='ltr'>Marinus,</span> <span class='ocrx_word' id='word_1_148' title='bbox 656 2194 946 2292; x_wconf 59' lang='lat' dir='ltr'>&amp;congregatione</span> <span class='ocrx_word' id='word_1_149' title='bbox 964 2194 1106 2268; x_wconf 87' lang='lat' dir='ltr'>Oratotii</span> <span class='ocrx_word' id='word_1_150' title='bbox 1121 2193 1211 2268; x_wconf 74' lang='lat' dir='ltr'>nest&gt;</span> <span class='ocrx_word' id='word_1_151' title='bbox 1236 2217 1301 2282; x_wconf 90' lang='lat' dir='ltr'>ter,</span> <span class='ocrx_word' id='word_1_152' title='bbox 1325 2195 1395 2294; x_wconf 88' lang='lat' dir='ltr'>post</span> <span class='ocrx_word' id='word_1_153' title='bbox 1456 2225 1533 2271; x_wconf 88' lang='lat' dir='ltr'>ucos</span> <span class='ocrx_word' id='word_1_154' title='bbox 1555 2228 1667 2289; x_wconf 83' lang='lat' dir='ltr'>antros,</span> 
     </span>
     <span class='ocr_line' id='line_1_18' title="bbox 408 2287 1672 2396; baseline 0.003 -26"><span class='ocrx_word' id='word_1_155' title='bbox 408 2300 517 2396; x_wconf 86' lang='lat' dir='ltr'>primae</span> <span class='ocrx_word' id='word_1_156' title='bbox 532 2291 675 2367; x_wconf 86' lang='lat' dir='ltr'>editionis</span> <span class='ocrx_word' id='word_1_157' title='bbox 687 2291 820 2391; x_wconf 81' lang='lat' dir='ltr'>gloriam</span> <span class='ocrx_word' id='word_1_158' title='bbox 832 2287 891 2363; x_wconf 79' lang='lat' dir='ltr'>sibi</span> <span class='ocrx_word' id='word_1_159' title='bbox 909 2294 964 2365; x_wconf 87' lang='lat' dir='ltr'>soli</span> <span class='ocrx_word' id='word_1_160' title='bbox 978 2292 1111 2364; x_wconf 82' lang='lat' dir='ltr'>alsemit.</span> <span class='ocrx_word' id='word_1_161' title='bbox 1237 2296 1286 2368; x_wconf 89' lang='lat' dir='ltr'>vir</span> <span class='ocrx_word' id='word_1_162' title='bbox 1299 2295 1391 2391; x_wconf 85' lang='lat' dir='ltr'>ampli</span> <span class='ocrx_word' id='word_1_163' title='bbox 1419 2305 1541 2370; x_wconf 85' lang='lat' dir='ltr'>rmus&amp;</span> <span class='ocrx_word' id='word_1_164' title='bbox 1554 2297 1672 2373; x_wconf 64' lang='lat' dir='ltr'>dodis-</span> 
     </span>
     <span class='ocr_line' id='line_1_19' title="bbox 409 2387 1670 2494; baseline 0.002 -25"><span class='ocrx_word' id='word_1_165' title='bbox 409 2396 523 2481; x_wconf 84' lang='lat' dir='ltr'>limus,</span> <span class='ocrx_word' id='word_1_166' title='bbox 548 2391 831 2491; x_wconf 74' lang='lat' dir='ltr'>Jraurrrretarrrs</span> <span class='ocrx_word' id='word_1_167' title='bbox 845 2389 964 2475; x_wconf 75' lang='lat' dir='ltr'>noller,</span> <span class='ocrx_word' id='word_1_168' title='bbox 988 2387 1029 2463; x_wconf 89' lang='lat' dir='ltr'>de</span> <span class='ocrx_word' id='word_1_169' title='bbox 1043 2413 1187 2489; x_wconf 87' lang='lat' dir='ltr'>apparatu</span> <span class='ocrx_word' id='word_1_170' title='bbox 1208 2390 1445 2494; x_wconf 82' lang='lat' dir='ltr'>Chronologico</span> <span class='ocrx_word' id='word_1_171' title='bbox 1465 2396 1503 2468; x_wconf 91' lang='lat' dir='ltr'>ad</span> <span class='ocrx_word' id='word_1_172' title='bbox 1523 2401 1553 2469; x_wconf 91' lang='lat' dir='ltr'><strong>E</strong></span> <span class='ocrx_word' id='word_1_173' title='bbox 1617 2395 1670 2472; x_wconf 80' lang='lat' dir='ltr'>has</span> 
     </span>
     <span class='ocr_line' id='line_1_20' title="bbox 408 2487 1669 2592; baseline 0.002 -23"><span class='ocrx_word' id='word_1_174' title='bbox 408 2517 550 2570; x_wconf 81' lang='lat' dir='ltr'>veterum</span> <span class='ocrx_word' id='word_1_175' title='bbox 566 2494 773 2574; x_wconf 72' lang='lat' dir='ltr'>Graecorum,</span> <span class='ocrx_word' id='word_1_176' title='bbox 799 2492 830 2559; x_wconf 92' lang='lat' dir='ltr'>in</span> <span class='ocrx_word' id='word_1_177' title='bbox 847 2487 1054 2562; x_wconf 75' lang='lat' dir='ltr'>vetustissimo</span> <span class='ocrx_word' id='word_1_178' title='bbox 1069 2515 1239 2579; x_wconf 89' lang='lat' dir='ltr'>mannore,</span> <span class='ocrx_word' id='word_1_179' title='bbox 1263 2515 1360 2592; x_wconf 85' lang='lat' dir='ltr'>nuper</span> <span class='ocrx_word' id='word_1_180' title='bbox 1375 2496 1518 2568; x_wconf 83' lang='lat' dir='ltr'>maximis</span> <span class='ocrx_word' id='word_1_181' title='bbox 1530 2497 1551 2569; x_wconf 89' lang='lat' dir='ltr'>il</span> <span class='ocrx_word' id='word_1_182' title='bbox 1565 2496 1669 2570; x_wconf 85' lang='lat' dir='ltr'>ustris·</span> 
     </span>
     <span class='ocr_line' id='line_1_21' title="bbox 409 2588 1668 2688; baseline 0.003 -21"><span class='ocrx_word' id='word_1_183' title='bbox 409 2593 480 2666; x_wconf 89' lang='lat' dir='ltr'>srmi</span> <span class='ocrx_word' id='word_1_184' title='bbox 494 2591 586 2675; x_wconf 88' lang='lat' dir='ltr'>Viri,</span> <span class='ocrx_word' id='word_1_185' title='bbox 610 2591 723 2662; x_wconf 65' lang='lat' dir='ltr'>wirma</span> <span class='ocrx_word' id='word_1_186' title='bbox 736 2588 875 2661; x_wconf 90' lang='lat' dir='ltr'>Comitis</span> <span class='ocrx_word' id='word_1_187' title='bbox 889 2590 1084 2666; x_wconf 59' lang='lat' dir='ltr'>mundalia,</span> <span class='ocrx_word' id='word_1_188' title='bbox 1110 2589 1298 2688; x_wconf 85' lang='lat' dir='ltr'>sumptibus,</span> <span class='ocrx_word' id='word_1_189' title='bbox 1324 2593 1383 2664; x_wconf 81' lang='lat' dir='ltr'>uni</span> <span class='ocrx_word' id='word_1_190' title='bbox 1400 2619 1474 2668; x_wconf 87' lang='lat' dir='ltr'>cunr</span> <span class='ocrx_word' id='word_1_191' title='bbox 1490 2597 1668 2671; x_wconf 81' lang='lat' dir='ltr'>multitaliis</span> 
     </span>
     <span class='ocr_line' id='line_1_22' title="bbox 411 2686 1669 2787; baseline 0.004 -23"><span class='ocrx_word' id='word_1_192' title='bbox 411 2717 450 2767; x_wconf 90' lang='lat' dir='ltr'>ex</span> <span class='ocrx_word' id='word_1_193' title='bbox 466 2699 574 2765; x_wconf 83' lang='lat' dir='ltr'>Gracia</span> <span class='ocrx_word' id='word_1_194' title='bbox 589 2689 620 2759; x_wconf 93' lang='lat' dir='ltr'>in</span> <span class='ocrx_word' id='word_1_195' title='bbox 640 2689 788 2787; x_wconf 80' lang='lat' dir='ltr'>Aaglr&#39;am</span> <span class='ocrx_word' id='word_1_196' title='bbox 802 2686 951 2766; x_wconf 69' lang='lat' dir='ltr'>invecto,</span> <span class='ocrx_word' id='word_1_197' title='bbox 976 2690 1106 2773; x_wconf 76' lang='lat' dir='ltr'>inquo,</span> <span class='ocrx_word' id='word_1_198' title='bbox 1130 2709 1166 2760; x_wconf 92' lang='lat' dir='ltr'>ut</span> <span class='ocrx_word' id='word_1_199' title='bbox 1182 2688 1245 2764; x_wconf 90' lang='lat' dir='ltr'>hoc</span> <span class='ocrx_word' id='word_1_200' title='bbox 1258 2692 1359 2765; x_wconf 90' lang='lat' dir='ltr'>obiter</span> <span class='ocrx_word' id='word_1_201' title='bbox 1373 2692 1500 2779; x_wconf 81' lang='lat' dir='ltr'>addam,</span> <span class='ocrx_word' id='word_1_202' title='bbox 1519 2694 1669 2769; x_wconf 70' lang='lat' dir='ltr'>Historia</span> 
     </span>
     <span class='ocr_line' id='line_1_23' title="bbox 409 2785 1671 2891; baseline -0.005 -27"><span class='ocrx_word' id='word_1_203' title='bbox 409 2793 493 2864; x_wconf 87' lang='lat' dir='ltr'>mille</span> <span class='ocrx_word' id='word_1_204' title='bbox 508 2806 715 2861; x_wconf 90' lang='lat' dir='ltr'>trecentorum</span> <span class='ocrx_word' id='word_1_205' title='bbox 730 2808 880 2855; x_wconf 89' lang='lat' dir='ltr'>annorum</span> <span class='ocrx_word' id='word_1_206' title='bbox 895 2809 949 2883; x_wconf 90' lang='lat' dir='ltr'>per</span> <span class='ocrx_word' id='word_1_207' title='bbox 963 2787 1134 2865; x_wconf 84' lang='lat' dir='ltr'>intervalla,</span> <span class='ocrx_word' id='word_1_208' title='bbox 1158 2785 1192 2859; x_wconf 89' lang='lat' dir='ltr'>h.</span> <span class='ocrx_word' id='word_1_209' title='bbox 1207 2813 1235 2862; x_wconf 91' lang='lat' dir='ltr'>e.</span> <span class='ocrx_word' id='word_1_210' title='bbox 1259 2791 1277 2860; x_wconf 74' lang='lat' dir='ltr'>a</span> <span class='ocrx_word' id='word_1_211' title='bbox 1294 2797 1426 2891; x_wconf 76' lang='lat' dir='ltr'>Cecrope,</span> <span class='ocrx_word' id='word_1_212' title='bbox 1450 2794 1553 2891; x_wconf 86' lang='lat' dir='ltr'>primo</span> <span class='ocrx_word' id='word_1_213' title='bbox 1574 2796 1671 2868; x_wconf 81' lang='lat' dir='ltr'>Arhr.</span> 
     </span>
     <span class='ocr_line' id='line_1_24' title="bbox 409 2879 1673 2993; baseline 0.012 -40"><span class='ocrx_word' id='word_1_214' title='bbox 409 2893 548 2981; x_wconf 54' lang='lat' dir='ltr'>atessam</span> <span class='ocrx_word' id='word_1_215' title='bbox 558 2892 673 2983; x_wconf 83' lang='lat' dir='ltr'>Rege,</span> <span class='ocrx_word' id='word_1_216' title='bbox 697 2879 736 2953; x_wconf 90' lang='lat' dir='ltr'>ad</span> <span class='ocrx_word' id='word_1_217' title='bbox 750 2903 889 2979; x_wconf 87' lang='lat' dir='ltr'>tempora</span> <span class='ocrx_word' id='word_1_218' title='bbox 904 2881 1002 2983; x_wconf 81' lang='lat' dir='ltr'>pauld</span> <span class='ocrx_word' id='word_1_219' title='bbox 1019 2908 1088 2957; x_wconf 87' lang='lat' dir='ltr'>ante</span> <span class='ocrx_word' id='word_1_220' title='bbox 1103 2890 1316 2962; x_wconf 79' lang='lat' dir='ltr'>Alexandrum</span> <span class='ocrx_word' id='word_1_221' title='bbox 1330 2915 1498 2988; x_wconf 87' lang='lat' dir='ltr'>magnum,</span> <span class='ocrx_word' id='word_1_222' title='bbox 1523 2918 1673 2993; x_wconf 85' lang='lat' dir='ltr'>compen-</span> 
     </span>
     <span class='ocr_line' id='line_1_25' title="bbox 411 2981 1673 3089; baseline 0.006 -33"><span class='ocrx_word' id='word_1_223' title='bbox 411 2984 505 3056; x_wconf 90' lang='lat' dir='ltr'>dium</span> <span class='ocrx_word' id='word_1_224' title='bbox 521 2984 713 3064; x_wconf 90' lang='lat' dir='ltr'>continetur,</span> <span class='ocrx_word' id='word_1_225' title='bbox 735 2981 951 3076; x_wconf 75' lang='lat' dir='ltr'>repraesmtatas</span> <span class='ocrx_word' id='word_1_226' title='bbox 969 3008 979 3062; x_wconf 92' lang='lat'>;</span> <span class='ocrx_word' id='word_1_227' title='bbox 1004 2984 1082 3054; x_wconf 90' lang='lat' dir='ltr'>item</span> <span class='ocrx_word' id='word_1_228' title='bbox 1097 2982 1137 3052; x_wconf 89' lang='lat' dir='ltr'>de</span> <span class='ocrx_word' id='word_1_229' title='bbox 1155 2984 1370 3084; x_wconf 83' lang='lat' dir='ltr'>chronologia</span> <span class='ocrx_word' id='word_1_230' title='bbox 1382 2992 1476 3074; x_wconf 85' lang='lat' dir='ltr'>sacra,</span> <span class='ocrx_word' id='word_1_231' title='bbox 1501 2999 1535 3063; x_wconf 91' lang='lat'>&amp;</span> <span class='ocrx_word' id='word_1_232' title='bbox 1550 2996 1673 3089; x_wconf 85' lang='lat' dir='ltr'>praeser-</span> 
     </span>
     <span class='ocr_line' id='line_1_26' title="bbox 409 3076 1674 3173; baseline 0.003 -16"><span class='ocrx_word' id='word_1_233' title='bbox 409 3085 474 3157; x_wconf 88' lang='lat' dir='ltr'>tim</span> <span class='ocrx_word' id='word_1_234' title='bbox 489 3079 530 3155; x_wconf 89' lang='lat' dir='ltr'>de</span> <span class='ocrx_word' id='word_1_235' title='bbox 543 3076 615 3164; x_wconf 86' lang='lat' dir='ltr'>ista,</span> <span class='ocrx_word' id='word_1_236' title='bbox 642 3102 715 3173; x_wconf 81' lang='lat' dir='ltr'>quae</span> <span class='ocrx_word' id='word_1_237' title='bbox 731 3078 764 3147; x_wconf 93' lang='lat' dir='ltr'>in</span> <span class='ocrx_word' id='word_1_238' title='bbox 779 3084 1033 3152; x_wconf 76' lang='lat' dir='ltr'>Samaritanorum</span> <span class='ocrx_word' id='word_1_239' title='bbox 1050 3081 1259 3154; x_wconf 89' lang='lat' dir='ltr'>Pentateucho</span> <span class='ocrx_word' id='word_1_240' title='bbox 1280 3081 1376 3155; x_wconf 74' lang='lat' dir='ltr'>hodie</span> <span class='ocrx_word' id='word_1_241' title='bbox 1398 3084 1511 3171; x_wconf 85' lang='lat' dir='ltr'>exstat,</span> <span class='ocrx_word' id='word_1_242' title='bbox 1535 3092 1674 3162; x_wconf 76' lang='lat' dir='ltr'>maxime</span> 
     </span>
     <span class='ocr_line' id='line_1_27' title="bbox 413 3174 1676 3283; baseline 0.002 -27"><span class='ocrx_word' id='word_1_243' title='bbox 413 3183 573 3257; x_wconf 84' lang='lat' dir='ltr'>solicitus,</span> <span class='ocrx_word' id='word_1_244' title='bbox 596 3179 644 3249; x_wconf 90' lang='lat' dir='ltr'>D.</span> <span class='ocrx_word' id='word_1_245' title='bbox 658 3174 807 3269; x_wconf 81' lang='lat' dir='ltr'>vfferr&#39;um</span> <span class='ocrx_word' id='word_1_246' title='bbox 822 3177 916 3251; x_wconf 86' lang='lat' dir='ltr'>literis</span> <span class='ocrx_word' id='word_1_247' title='bbox 932 3181 1075 3280; x_wconf 85' lang='lat' dir='ltr'>rogrvit,</span> <span class='ocrx_word' id='word_1_248' title='bbox 1102 3200 1137 3250; x_wconf 92' lang='lat' dir='ltr'>ut</span> <span class='ocrx_word' id='word_1_249' title='bbox 1152 3181 1309 3280; x_wconf 84' lang='lat' dir='ltr'>integrum</span> <span class='ocrx_word' id='word_1_250' title='bbox 1331 3181 1481 3276; x_wconf 88' lang='lat' dir='ltr'>quintum</span> <span class='ocrx_word' id='word_1_251' title='bbox 1505 3205 1599 3283; x_wconf 86' lang='lat' dir='ltr'>caput</span> <span class='ocrx_word' id='word_1_252' title='bbox 1617 3193 1676 3259; x_wconf 84' lang='lat' dir='ltr'>Ge·</span> 
     </span>
     <span class='ocr_line' id='line_1_28' title="bbox 400 3271 1801 3375; baseline 0.007 -24"><span class='ocrx_word' id='word_1_253' title='bbox 400 3279 520 3375; x_wconf 66' lang='lat' dir='ltr'>,arsam</span> <span class='ocrx_word' id='word_1_254' title='bbox 543 3283 578 3349; x_wconf 87' lang='lat'>&amp;</span> <span class='ocrx_word' id='word_1_255' title='bbox 594 3295 712 3374; x_wconf 86' lang='lat' dir='ltr'>partem</span> <span class='ocrx_word' id='word_1_256' title='bbox 728 3271 902 3356; x_wconf 81' lang='lat' dir='ltr'>undecimi,</span> <span class='ocrx_word' id='word_1_257' title='bbox 914 3300 1041 3374; x_wconf 75' lang='lat' dir='ltr'>,quanta</span> <span class='ocrx_word' id='word_1_258' title='bbox 1055 3280 1205 3353; x_wconf 90' lang='lat' dir='ltr'>nimirum</span> <span class='ocrx_word' id='word_1_259' title='bbox 1220 3277 1259 3352; x_wconf 90' lang='lat' dir='ltr'>ad</span> <span class='ocrx_word' id='word_1_260' title='bbox 1281 3278 1521 3359; x_wconf 75' lang='lat' dir='ltr'>patriarcharum</span> <span class='ocrx_word' id='word_1_261' title='bbox 1538 3281 1676 3359; x_wconf 84' lang='lat' dir='ltr'>Post-di-</span> <span class='ocrx_word' id='word_1_262' title='bbox 1799 3339 1801 3344; x_wconf 91' lang='lat'>-</span> 
     </span>
     <span class='ocr_line' id='line_1_29' title="bbox 413 3372 1676 3484; baseline 0.005 -31"><span class='ocrx_word' id='word_1_263' title='bbox 413 3381 612 3454; x_wconf 88' lang='lat' dir='ltr'>luvianorum</span> <span class='ocrx_word' id='word_1_264' title='bbox 626 3398 722 3447; x_wconf 84' lang='lat' dir='ltr'>annos</span> <span class='ocrx_word' id='word_1_265' title='bbox 739 3372 879 3459; x_wconf 86' lang='lat' dir='ltr'>refertur,</span> <span class='ocrx_word' id='word_1_266' title='bbox 896 3380 1027 3451; x_wconf 78' lang='lat' dir='ltr'>exscribi</span> <span class='ocrx_word' id='word_1_267' title='bbox 1042 3400 1176 3463; x_wconf 89' lang='lat' dir='ltr'>curatet;</span> <span class='ocrx_word' id='word_1_268' title='bbox 1192 3375 1282 3478; x_wconf 88' lang='lat' dir='ltr'>quod</span> <span class='ocrx_word' id='word_1_269' title='bbox 1299 3381 1348 3453; x_wconf 88' lang='lat' dir='ltr'>ille</span> <span class='ocrx_word' id='word_1_270' title='bbox 1356 3383 1547 3484; x_wconf 84' lang='lat' dir='ltr'>integerrimi</span> <span class='ocrx_word' id='word_1_271' title='bbox 1563 3387 1676 3460; x_wconf 84' lang='lat' dir='ltr'>Amici</span> 
     </span>
    </p>
   </div>
   <div class='ocr_carea' id='block_1_2' title="bbox 409 3473 1676 3874">
    <p class='ocr_par' dir='ltr' id='par_1_2' title="bbox 409 3473 1676 3874">
     <span class='ocr_line' id='line_1_30' title="bbox 435 3473 1675 3585; baseline 0.007 -35"><span class='ocrx_word' id='word_1_272' title='bbox 435 3478 557 3551; x_wconf 88' lang='lat' dir='ltr'>recibus</span> <span class='ocrx_word' id='word_1_273' title='bbox 572 3474 665 3550; x_wconf 82' lang='lat' dir='ltr'>facile</span> <span class='ocrx_word' id='word_1_274' title='bbox 685 3473 867 3559; x_wconf 83' lang='lat' dir='ltr'>obsecutus,</span> <span class='ocrx_word' id='word_1_275' title='bbox 893 3476 979 3575; x_wconf 89' lang='lat' dir='ltr'>typis</span> <span class='ocrx_word' id='word_1_276' title='bbox 993 3479 1111 3551; x_wconf 88' lang='lat' dir='ltr'>summa</span> <span class='ocrx_word' id='word_1_277' title='bbox 1132 3505 1206 3553; x_wconf 90' lang='lat' dir='ltr'>cum</span> <span class='ocrx_word' id='word_1_278' title='bbox 1232 3483 1429 3555; x_wconf 82' lang='lat' dir='ltr'>accuratione</span> <span class='ocrx_word' id='word_1_279' title='bbox 1444 3481 1604 3585; x_wconf 83' lang='lat' dir='ltr'>descriptis</span> <span class='ocrx_word' id='word_1_280' title='bbox 1618 3485 1675 3558; x_wconf 91' lang='lat' dir='ltr'>de·</span> 
     </span>
     <span class='ocr_line' id='line_1_31' title="bbox 409 3502 1675 3680; baseline 0.006 -29"><span class='ocrx_word' id='word_1_281' title='bbox 409 3502 589 3671; x_wconf 72' lang='lat' dir='ltr'>lneatisque</span> <span class='ocrx_word' id='word_1_282' title='bbox 602 3569 897 3671; x_wconf 73' lang='lat' dir='ltr'>abundlpraestitit:</span> <span class='ocrx_word' id='word_1_283' title='bbox 922 3575 1071 3647; x_wconf 73' lang='lat' dir='ltr'>mantissa</span> <span class='ocrx_word' id='word_1_284' title='bbox 1087 3581 1160 3652; x_wconf 92' lang='lat' dir='ltr'>loco</span> <span class='ocrx_word' id='word_1_285' title='bbox 1184 3579 1248 3674; x_wconf 85' lang='lat' dir='ltr'>(b)</span> <span class='ocrx_word' id='word_1_286' title='bbox 1274 3571 1413 3680; x_wconf 80' lang='lat' dir='ltr'>Epistola</span> <span class='ocrx_word' id='word_1_287' title='bbox 1425 3581 1546 3666; x_wconf 86' lang='lat' dir='ltr'>addita,</span> <span class='ocrx_word' id='word_1_288' title='bbox 1564 3584 1597 3653; x_wconf 91' lang='lat' dir='ltr'>in</span> <span class='ocrx_word' id='word_1_289' title='bbox 1612 3603 1675 3680; x_wconf 88' lang='lat' dir='ltr'>qua</span> 
     </span>
     <span class='ocr_line' id='line_1_32' title="bbox 415 3674 1676 3779; baseline 0.006 -31"><span class='ocrx_word' id='word_1_290' title='bbox 415 3684 675 3748; x_wconf 73' lang='lat' dir='ltr'>Samaritarum</span> <span class='ocrx_word' id='word_1_291' title='bbox 691 3692 896 3771; x_wconf 78' lang='lat' dir='ltr'>computum,</span> <span class='ocrx_word' id='word_1_292' title='bbox 921 3674 1079 3771; x_wconf 78' lang='lat' dir='ltr'>lJrrsephr</span> <span class='ocrx_word' id='word_1_293' title='bbox 1092 3682 1235 3779; x_wconf 78' lang='lat' dir='ltr'>Scalr&#39;gero</span> <span class='ocrx_word' id='word_1_294' title='bbox 1249 3680 1366 3775; x_wconf 89' lang='lat' dir='ltr'>publici</span> <span class='ocrx_word' id='word_1_295' title='bbox 1388 3678 1461 3767; x_wconf 83' lang='lat' dir='ltr'>jutis</span> <span class='ocrx_word' id='word_1_296' title='bbox 1478 3679 1615 3763; x_wconf 75' lang='lat' dir='ltr'>naum,</span> <span class='ocrx_word' id='word_1_297' title='bbox 1641 3679 1676 3756; x_wconf 68' lang='lat' dir='ltr'>dc</span> 
     </span>
     <span class='ocr_line' id='line_1_33' title="bbox 416 3767 1676 3874; baseline 0.003 -29"><span class='ocrx_word' id='word_1_298' title='bbox 416 3770 573 3868; x_wconf 89' lang='lat' dir='ltr'>quicquid</span> <span class='ocrx_word' id='word_1_299' title='bbox 593 3767 634 3843; x_wconf 89' lang='lat' dir='ltr'>de</span> <span class='ocrx_word' id='word_1_300' title='bbox 648 3768 762 3843; x_wconf 87' lang='lat' dir='ltr'>eodem</span> <span class='ocrx_word' id='word_1_301' title='bbox 785 3767 869 3869; x_wconf 87' lang='lat' dir='ltr'>apud</span> <span class='ocrx_word' id='word_1_302' title='bbox 892 3768 1019 3867; x_wconf 76' lang='lat' dir='ltr'>Julium</span> <span class='ocrx_word' id='word_1_303' title='bbox 1033 3777 1242 3870; x_wconf 72' lang='lat' dir='ltr'>Africanum,</span> <span class='ocrx_word' id='word_1_304' title='bbox 1265 3774 1425 3866; x_wconf 73' lang='lat' dir='ltr'>Eusebium</span> <span class='ocrx_word' id='word_1_305' title='bbox 1453 3776 1676 3874; x_wconf 52' lang='lat' dir='ltr'>Cesarieuserrr,</span> 
     </span>
    </p>
   </div>
   <div class='ocr_carea' id='block_1_3' title="bbox 414 3867 1682 4068">
    <p class='ocr_par' dir='ltr' id='par_1_3' title="bbox 414 3867 1682 4068">
     <span class='ocr_line' id='line_1_34' title="bbox 417 3867 1678 4040; baseline 0.008 -97"><span class='ocrx_word' id='word_1_306' title='bbox 417 3878 452 3943; x_wconf 90' lang='lat'>&amp;</span> <span class='ocrx_word' id='word_1_307' title='bbox 477 3877 634 3974; x_wconf 80' lang='lat' dir='ltr'>Georgirarr</span> <span class='ocrx_word' id='word_1_308' title='bbox 651 3873 814 4040; x_wconf 43' lang='lat' dir='ltr'>{mellum</span> <span class='ocrx_word' id='word_1_309' title='bbox 839 3872 993 3948; x_wconf 84' lang='lat' dir='ltr'>occurrit,</span> <span class='ocrx_word' id='word_1_310' title='bbox 1016 3867 1056 3941; x_wconf 94' lang='lat' dir='ltr'>ad</span> <span class='ocrx_word' id='word_1_311' title='bbox 1079 3896 1206 3945; x_wconf 85' lang='lat' dir='ltr'>examen</span> <span class='ocrx_word' id='word_1_312' title='bbox 1228 3890 1371 3955; x_wconf 87' lang='lat' dir='ltr'>revocat,</span> <span class='ocrx_word' id='word_1_313' title='bbox 1395 3872 1581 3970; x_wconf 89' lang='lat' dir='ltr'>summoque</span> <span class='ocrx_word' id='word_1_314' title='bbox 1604 3905 1678 3953; x_wconf 89' lang='lat' dir='ltr'>cum</span> 
     </span>
     <span class='ocr_line' id='line_1_35' title="bbox 414 3965 1682 4068; baseline 0.009 -26"><span class='ocrx_word' id='word_1_315' title='bbox 414 3967 536 4062; x_wconf 84' lang='lat' dir='ltr'>judicio</span> <span class='ocrx_word' id='word_1_316' title='bbox 549 3991 650 4068; x_wconf 85' lang='lat' dir='ltr'>expen</span> <span class='ocrx_word' id='word_1_317' title='bbox 677 3972 718 4054; x_wconf 88' lang='lat' dir='ltr'>&#39;r,</span> <span class='ocrx_word' id='word_1_318' title='bbox 743 3965 904 4043; x_wconf 74' lang='lat' dir='ltr'>periochas</span> <span class='ocrx_word' id='word_1_319' title='bbox 919 3966 988 4040; x_wconf 85' lang='lat' dir='ltr'>illas</span> <span class='ocrx_word' id='word_1_320' title='bbox 1000 3968 1040 4040; x_wconf 89' lang='lat' dir='ltr'>de</span> <span class='ocrx_word' id='word_1_321' title='bbox 1056 3966 1299 4041; x_wconf 73' lang='lat' dir='ltr'>patriarcharum</span> <span class='ocrx_word' id='word_1_322' title='bbox 1312 3972 1396 4044; x_wconf 84' lang='lat' dir='ltr'>annis</span> <span class='ocrx_word' id='word_1_323' title='bbox 1414 3995 1454 4049; x_wconf 85' lang='lat' dir='ltr'>ex</span> <span class='ocrx_word' id='word_1_324' title='bbox 1469 3970 1532 4047; x_wconf 90' lang='lat' dir='ltr'>hoc</span> <span class='ocrx_word' id='word_1_325' title='bbox 1550 3976 1682 4067; x_wconf 88' lang='lat' dir='ltr'>codice,</span> 
     </span>
    </p>
   </div>
   <div class='ocr_carea' id='block_1_4' title="bbox 1074 4071 1683 4150">
    <p class='ocr_par' dir='ltr' id='par_1_4' title="bbox 1074 4071 1683 4150">
     <span class='ocr_line' id='line_1_36' title="bbox 1074 4071 1683 4150; baseline 0.016 -11"><span class='ocrx_word' id='word_1_326' title='bbox 1074 4071 1111 4140; x_wconf 89' lang='lat' dir='ltr'>H</span> <span class='ocrx_word' id='word_1_327' title='bbox 1141 4094 1159 4139; x_wconf 85' lang='lat'><em>2</em></span> <span class='ocrx_word' id='word_1_328' title='bbox 1589 4081 1683 4150; x_wconf 87' lang='lat' dir='ltr'>bene-</span> 
     </span>
    </p>
   </div>
   <div class='ocr_carea' id='block_1_5' title="bbox 360 4188 1686 4507">
    <p class='ocr_par' dir='ltr' id='par_1_5' title="bbox 360 4188 1686 4507">
     <span class='ocr_line' id='line_1_37' title="bbox 459 4188 1686 4289; baseline 0.011 -38"><span class='ocrx_word' id='word_1_329' title='bbox 459 4194 510 4270; x_wconf 71' lang='grc' dir='ltr'>(ι)</span> <span class='ocrx_word' id='word_1_330' title='bbox 532 4199 569 4252; x_wconf 86' lang='lat' dir='ltr'>v.</span> <span class='ocrx_word' id='word_1_331' title='bbox 582 4191 735 4273; x_wconf 71' lang='lat' dir='ltr'>lplstolam</span> <span class='ocrx_word' id='word_1_332' title='bbox 760 4197 799 4253; x_wconf 86' lang='lat' dir='ltr'>D·</span> <span class='ocrx_word' id='word_1_333' title='bbox 815 4188 904 4270; x_wconf 74' lang='lat' dir='ltr'>Uffrrr&#39;r‘</span> <span class='ocrx_word' id='word_1_334' title='bbox 923 4192 956 4251; x_wconf 90' lang='lat' dir='ltr'>ad</span> <span class='ocrx_word' id='word_1_335' title='bbox 982 4194 1146 4284; x_wconf 67' lang='lat' dir='ltr'>ludmicum</span> <span class='ocrx_word' id='word_1_336' title='bbox 1165 4193 1300 4275; x_wconf 80' lang='lat' dir='ltr'>capallum</span> <span class='ocrx_word' id='word_1_337' title='bbox 1321 4197 1351 4260; x_wconf 89' lang='lat' dir='ltr'>iu</span> <span class='ocrx_word' id='word_1_338' title='bbox 1365 4202 1441 4263; x_wconf 78' lang='lat' dir='ltr'>calce</span> <span class='ocrx_word' id='word_1_339' title='bbox 1453 4204 1487 4265; x_wconf 74' lang='lat' dir='ltr'>ad</span> <span class='ocrx_word' id='word_1_340' title='bbox 1501 4214 1642 4289; x_wconf 77' lang='lat' dir='ltr'>syntagma</span> <span class='ocrx_word' id='word_1_341' title='bbox 1653 4206 1686 4265; x_wconf 72' lang='lat' dir='ltr'>la</span> 
     </span>
     <span class='ocr_line' id='line_1_38' title="bbox 415 4266 1685 4364; baseline 0.009 -36"><span class='ocrx_word' id='word_1_342' title='bbox 415 4276 504 4330; x_wconf 76' lang='lat' dir='ltr'>Grata</span> <span class='ocrx_word' id='word_1_343' title='bbox 517 4275 606 4329; x_wconf 70' lang='lat' dir='ltr'><strong>Lxx.</strong></span> <span class='ocrx_word' id='word_1_344' title='bbox 623 4279 793 4348; x_wconf 75' lang='lat' dir='ltr'>lmrrprraum</span> <span class='ocrx_word' id='word_1_345' title='bbox 805 4266 926 4345; x_wconf 79' lang='lat' dir='ltr'>vrrssrrrr.</span> <span class='ocrx_word' id='word_1_346' title='bbox 948 4270 1072 4328; x_wconf 85' lang='lat' dir='ltr'>Loodrnr</span> <span class='ocrx_word' id='word_1_347' title='bbox 1091 4276 1172 4349; x_wconf 87' lang='lat'><em>¹⁶55·</em></span> <span class='ocrx_word' id='word_1_348' title='bbox 1194 4286 1242 4349; x_wconf 84' lang='lat'>4⁰.</span> <span class='ocrx_word' id='word_1_349' title='bbox 1253 4292 1316 4358; x_wconf 56' lang='lat' dir='ltr'>pag„</span> <span class='ocrx_word' id='word_1_350' title='bbox 1336 4298 1370 4340; x_wconf 77' lang='lat' dir='ltr'>ar</span> <span class='ocrx_word' id='word_1_351' title='bbox 1375 4302 1403 4361; x_wconf 87' lang='lat'>5.</span> <span class='ocrx_word' id='word_1_352' title='bbox 1417 4286 1446 4347; x_wconf 68' lang='grc' dir='ltr'>ει</span> <span class='ocrx_word' id='word_1_353' title='bbox 1460 4282 1491 4343; x_wconf 78' lang='lat' dir='ltr'>in</span> <span class='ocrx_word' id='word_1_354' title='bbox 1503 4282 1600 4364; x_wconf 75' lang='lat' dir='ltr'>Syllrgr</span> <span class='ocrx_word' id='word_1_355' title='bbox 1610 4282 1685 4360; x_wconf 78' lang='lat' dir='ltr'>epill.</span> 
     </span>
     <span class='ocr_line' id='line_1_39' title="bbox 360 4343 1231 4507; baseline 0.006 -25"><span class='ocrx_word' id='word_1_356' title='bbox 360 4481 364 4492; x_wconf 87' lang='grc'>,</span> <span class='ocrx_word' id='word_1_357' title='bbox 415 4343 825 4503; x_wconf 55' lang='lat' dir='ltr'>“lllllalllrr&#39;lljm</span> <span class='ocrx_word' id='word_1_358' title='bbox 846 4422 931 4505; x_wconf 74' lang='lat' dir='ltr'>upra.</span> <span class='ocrx_word' id='word_1_359' title='bbox 947 4421 1069 4483; x_wconf 85' lang='lat' dir='ltr'>cxxn.</span> <span class='ocrx_word' id='word_1_360' title='bbox 1082 4436 1149 4503; x_wconf 67' lang='lat' dir='ltr'>pag.</span> <span class='ocrx_word' id='word_1_361' title='bbox 1166 4425 1231 4507; x_wconf 77' lang='lat'>³⁸³·</span> 
     </span>
    </p>
   </div>
   <div class='ocr_carea' id='block_1_6' title="bbox 0 0 2139 5184">
    <p class='ocr_par' dir='ltr' id='par_1_6' title="bbox 0 0 2139 5184">
     <span class='ocr_line' id='line_1_40' title="bbox 0 0 2139 5184; baseline 0 0"><span class='ocrx_word' id='word_1_362' title='bbox 0 0 2139 5184; x_wconf 95' lang='lat' dir='ltr'> </span> 
     </span>
    </p>
   </div>
  </div>
 </body>
</html>
