4250 5184
1008 604 1113 703 76
2016 581 2563 672 VITA

1012 757 1085 804 tu
1113 780 1135 813 ‚
1183 730 1393 801 relieta
1427 751 1445 794 t
1498 748 1691 820 quem
1723 748 1846 798 non
1876 724 2087 795 multo
2116 721 2257 821 post
2287 721 2592 795 facilitatis
2618 719 2742 792 suae
2768 718 2936 796 serie>
2963 772 2986 803 ‚
3033 727 3104 793 &
3131 721 3528 820 quidemdo·

874 903 887 916 ‚
1019 825 1349 903 lentissime
1380 878 1402 911 ‚
1468 827 1761 921 poenivuit
1809 874 1831 902 ‚
1895 824 1983 891 ibi
2024 821 2324 894 nimirum
2388 821 2748 916 erumpente
2806 815 3144 893 foediffima
3197 823 3526 896 rebellione

738 904 993 979 Imm&
1025 932 1283 1000 XXIII.
1331 923 1436 996 die
1464 923 1769 995 octobris
1799 926 1888 991 A.
1942 921 2350 995 MDCXLI.
2396 944 2520 1012 qua
2549 938 2800 989 centena
2849 920 3036 988 millia
3071 918 3402 994 hominum
3432 947 3526 992 re·

735 993 979 1113 ζ’,ἳῗηῖ
1021 1024 1303 1097 formatae
1332 1022 1679 1119 Religionis
1712 1068 1735 1101 ,
1777 1018 1953 1112 plane
1976 1020 2308 1088 inermium
2349 1024 2415 1088 a:
2456 1017 2802 1111 promiscae
2834 1041 2978 1087 cum
3006 1020 3224 1089 vicinis
3259 1020 3526 1091 Pontifi-

736 1152 861 1218 mn·
886 1149 969 1188 re·
1031 1123 1139 1195 ciis
1166 1123 1371 1194 secure
1402 1127 1468 1191 &
1494 1119 1815 1210 tranquille
1846 1113 2214 1212 degentium
2248 1170 2270 1198 ,
2317 1113 2730 1205 crudelissime
2777 1120 2843 1184 δι
2885 1115 3318 1188 immanissime
3369 1121 3528 1189 inte-

736 1208 920 1267 bellio.
1034 1223 1212 1333 riere.
1314 1216 1436 1290 Sed
1464 1219 1527 1287 in
1554 1219 2017 1382 &liii’dqm
2044 1215 2384 1310 appulerat,
2434 1214 2658 1306 partim
2687 1211 2935 1283 Londini
2956 1260 2978 1289 ,
3025 1218 3248 1327 partim
3283 1221 3525 1328 Oea-nii,

744 1349 1013 1515 ἑῖὲἑὲε
1032 1313 2322 1507 ¹³²“52'va‘ss‘30‘1‘5'5355pp3n20332ffi
2343 1312 3534 1508 fflffiffiaffmkssffl

743 1502 974 1562 seditio·
1028 1512 1458 1587 confoederatis
1489 1517 1669 1579 Scaeis
1694 1558 1715 1586 ‚
1764 1510 2146 1600 quibuscum
2189 1509 2344 1579 clam
2371 1510 2633 1577 inierunt
2662 1503 2946 1590 confilia,
2990 1513 3281 1606 Angliaem
3309 1535 3528 1582 nume-

742 1597 855 1637 π’·
1029 1613 1167 1684 roso
1192 1613 1468 1682 exercitu
1504 1606 1815 1677 invasuris.
1931 1607 2124 1677 Hisce
2156 1602 2627 1676 difficultatibus
2659 1602 2887 1698 pressus
2933 1605 3347 1681 Serenissimus
3377 1613 3530 1685 Rex

1024 1708 1265 1783 ordines
1297 1707 1469 1807 regni
1495 1707 1719 1775 iterum
1755 1699 1881 1774 hoc
1911 1727 2067 1775 anno
2093 1701 2560 1797 Wstmonasterii
2587 1702 2970 1774 Novembris
3009 1707 3198 1776 tertio
3239 1710 3535 1779 conveni·

1024 1834 1090 1883 re
1119 1806 1321 1896 juffit,
1373 1821 1663 1897 concepta
1692 1800 1792 1896 spe
1824 1849 1847 1884 ‚
1894 1802 2143 1873 illorum
2173 1825 2296 1898 ope
2325 1808 2393 1872 &
2421 1796 2694 1871 lubfidio
2735 1808 3098 1873 Scoticannn
3138 1802 3535 1877 rebellionem

1025 1905 1332 2002 exstingui
1364 1951 1386 1984 ,
1435 1899 1862 1989 tumultusque
1903 1896 2282 1970 domesticos
2309 1904 2377 1968 δι
2407 1898 2892 1970 exacerbationes
3006 1902 3135 1996 puli
3167 1954 3192 1988 ,
3240 1903 3276 1971 a
3304 1903 3538 1977 Minis-

1026 2007 1181 2079 tellis
1210 1997 1656 2097 Presbyteranis
1680 2044 1701 2072 ‚
1751 1993 2132 2067 horrendum
2163 1999 2228 2067 in
2254 1992 2520 2067 modum
2548 1992 2743 2065 delus:
2771 2041 2794 2078 ‚
2843 2000 2880 2066 s
3014 2000 3028 2011 '
3061 1995 3326 2095 potuiss'e
3360 2026 3381 2082 3
3433 1999 3538 2074 sed

1027 2127 1132 2200 per
1163 2098 1390 2171 horum
1419 2103 1487 2168 δε
1515 2118 1622 2192 per
1651 2097 2172 2195 Demagogorum
2202 2097 2267 2166 in
2298 2098 2524 2166 Senatu
2552 2088 2836 2166 nefandas
2864 2115 3014 2165 artes
3043 2146 3064 2181 ‚
3118 2096 3393 2195 pacificis
3422 2124 3542 2196 op..

1026 2201 1168 2272 timi
1202 2195 1498 2291 Principis
1527 2191 1791 2265 confiliis
1819 2196 1884 2264 in
1911 2192 2255 2266 ludibrium
2289 2191 2471 2265 versis
2501 2241 2524 2278 ,
2570 2192 2780 2264 omnia
2822 2194 2887 2263 in
2930 2193 3102 2288 pejus
3149 2196 3348 2267 abiere
3378 2245 3403 2280 ,
3469 2204 3540 2269 &

1018 2296 1376 2395 ¹ingruentia
1409 2294 1562 2364 mala
1594 2290 1879 2364 remediis
1912 2292 2090 2364 nullis
2125 2343 2149 2377 ‚
2197 2309 2301 2362 aut
2335 2288 2462 2363 sisti
2494 2310 2598 2360 aut
2628 2291 2807 2361 sanari
2838 2311 3143 2387 poterant.

746 2419 960 2479 Purita·
1131 2396 1413 2464 Puritana
1441 2390 1704 2464 faffione
1736 2394 1798 2461 in
1833 2388 2109 2461 inferiori
2140 2398 2402 2463 Camera
2429 2389 2838 2467 parlamenti,
2884 2383 3243 2463 dominante
3269 2442 3292 2477 ,
3338 2388 3421 2462 de
3447 2415 3543 2464 re·

1033 2486 2284 2685 ‘mespdbffi
2302 2508 2494 2660 ζεῖ.
2547 2489 3544 2682 aare

740 2648 989 2784 {¹532}oe
1036 2689 1412 2790 Papisticum
1439 2639 1520 2760 δι’
1541 2685 2099 2758 Antichristianum
2131 2736 2153 2765 ,
2199 2687 2438 2783 penitus
2464 2681 2898 2794 eradicandum
2924 2691 2992 2757 &
3022 2685 3422 2758 evertendum
3453 2690 3546 2761 es-

741 2799 982 2862 confilia.
1041 2795 1098 2864 se
1127 2840 1149 2874 ,
1196 2790 1454 2862 fanatica
1477 2785 1643 2858 rabie
1680 2787 1894 2885 perciti
1930 2784 2414 2859 contendebant:
2467 2783 2567 2854 ahi
2591 2785 2746 2853 vero
2777 2831 2801 2859 ‚
2846 2780 2925 2851 de
2951 2786 3249 2856 Puritanis
3280 2787 3546 2876 loquor,

1039 2893 1067 2984 (
1101 2914 1240 2960 nam
1271 2887 1450 2959 multi
1483 2881 1725 2957 aderant
1755 2936 1776 2969 ,
1824 2886 1972 2959 licet
2005 2908 2267 2957 numero
2289 2881 2600 2955 inferiores
2627 2930 2648 2958 .
2709 2882 2824 2976 qui
2873 2877 3068 2953 fidem
3113 2906 3256 2981 erga
3289 2888 3548 2981 Regem

1040 2995 1107 3061 ἃ
1134 2984 1482 3099 Ecclesiam
1516 2986 1931 3059 intemeratam
1960 2985 2264 3060 servavere
2279 2985 2312 3078 >
2360 2977 2465 3055 sed
2487 2978 2675 3078 longe
2703 2977 3124 3054 moderatioris
3154 2982 3545 3076 mitiorisque
