4250 5184
360 613 363 618 ’
477 604 1530 929 couuutppnat‘ouus
1603 544 1625 634 ³

527 990 788 1091 VITA
859 1022 957 1089 et*
1030 996 1479 1094 STUDIIS

360 1145 856 1366 Joutuus
906 1149 1630 1326 uatussutoutt

368 1428 442 1641 'lo
454 1458 544 1507 artu
555 1459 599 1509 is
623 1436 684 1508 Bu
694 1459 742 1508 tu
755 1457 806 1505 un
816 1457 830 1503 1
840 1455 864 1501 n
876 1455 901 1502 o
912 1457 924 1502 1
935 1459 987 1506 us
1005 1433 1110 1531 probis
1126 1439 1271 1534 clarisque
1287 1437 1460 1533 patentibus
1474 1438 1505 1507 in
1521 1429 1632 1516 celebri

429 1532 602 1603 Provincia
635 1530 831 1624 Leicgsirienfis
860 1528 1008 1624 oppid0,
1039 1554 1217 1633 nuncupato
1249 1536 1348 1649 Aahbp
1378 1537 1415 1607 de
1446 1527 1631 1621 laeZouclm

373 1653 453 1702 anno
477 1630 579 1702 Verbi
600 1631 746 1703 incarnati
771 1629 1025 1701 MDLXXXII.
1049 1652 1159 1714 natus,
1191 1634 1312 1727 ibique.
1325 1659 1358 1706 tu
1381 1630 1483 1705 schola
1506 1630 1630 1742 publica

314 1803 317 1808 ,
373 1737 474 1811 Grecis
484 1734 658 1821 Latiosque
672 1727 766 1799 literis
779 1727 917 1798 imbutus
930 1772 941 1801 ‚
961 1725 1184 1826 'Camabo'gt'am
1196 1732 1374 1804 mittebatur
1387 1782 1398 1816 ,
1413 1772 1417 1783 ·
1431 1729 1571 1824 ausptciis
1595 1731 1630 1797 &

374 1828 608 1996 cumbffimti
622 1826 685 1906 sui,
709 1828 758 1895 D.
772 1821 893 1921 Jostpbi
903 1826 1009 1906 Halli,
1034 1825 1135 1913 postea
1152 1830 1299 1926 Episcopi
1315 1831 1520 1921 Nmrn'cetfis,
1544 1828 1629 1914 seve}

373 1951 445 1997 rtort

372 2024 513 2119 praeclara
528 2018 680 2092 indole&
697 2021 824 2120 ingenio
840 2020 969 2090 inatuta
984 2017 1096 2100 instro,
1118 2024 1233 2117 quibus
1247 2025 1395 2123 pollebat,
1418 2046 1542 2107 omnes,
1565 2023 1628 2118 qui

372 2123 461 2193 illum
476 2118 603 2218 propiits
614 2139 738 2197 notant.
760 2118 839 2189 bene
853 2114 983 2213 quidem
999 2120 1128 2192 ominati
1143 2124 1230 2210 sunt,
1255 2145 1311 2195 uec
1321 2124 1449 2195 illorum
1464 2142 1517 2194 aut
1530 2125 1551 2194 s

373 2218 724 2313 autexspeetationem,
747 2238 801 2289 aut
813 2214 969 2307 judicium
985 2215 1143 2293 frustratus
1157 2218 1212 2294 est.
1262 2222 1430 2295 Curriculo
1444 2145 1629 2295 maledi&
1808 2285 1810 2290 .

373 2324 407 2390 δι
430 2315 637 2414 philosphia
657 2317 776 2412 ingenti
795 2340 868 2387 curn
881 2312 970 2386 laude
993 2314 1163 2402 conseslo,
1195 2316 1428 2417 quamprimum
1462 2320 1492 2390 iu
1523 2322 1628 2391 virum
1767 2347 1769 2351 ·

374 2416 572 2487 maturescere
593 2412 778 2511 incepisset,
807 2411 849 2483 de
909 2412 1016 2484 culiati
1040 2418 1114 2486 vitae
1129 2414 1296 2494 instituto,
1319 2435 1385 2512 quo
1399 2437 1467 2489 tunt
1483 2417 1540 2487 fibi
1557 2439 1629 2487 tunt

373 2514 436 2586 aliis
460 2512 598 2608 prodesse
621 2511 741 2609 pollet,
765 2436 911 2609 eligendi
926 2512 1088 2595 solicitus,
1112 2511 1236 2586 tandem
1251 2514 1322 2587 scria
1340 2512 1422 2611 apud
1442 2515 1471 2586 sc
1485 2512 1633 2585 delibera·

374 2615 459 2683 tione
475 2609 597 2696 habita,
621 2609 750 2708 genium
765 2630 880 2682 naturae
893 2610 1014 2681 secutus
1034 2659 1045 2691 ,
1070 2632 1165 2683 artem
1183 2609 1347 2686 Medicam
1364 2612 1420 2684 stbi
1437 2607 1635 2684 excolendam

375 2710 562 2792 constituit,
595 2712 627 2780 iu
640 2706 729 2797 cujus
744 2708 834 2779 variis
858 2709 991 2805 partibus
1005 2707 1232 2795 discutiendis,
1263 2734 1326 2784 oon
1349 2709 1494 2807 neglestis
1514 2709 1636 2783 iuterim

375 2809 559 2905 insuperque
576 2804 687 2878 habitis
698 2806 878 2878 autoeuiotis
902 2807 1066 2879 literature
1090 2805 1197 2881 studiis
1207 2810 1221 2885 '‚
1245 2806 1284 2880 ad
1309 2806 1422 2882 scholae
1445 2807 1636 2904 cujuspiam,

376 2931 472 3000 quatu
486 2907 586 3002 paucis
607 2905 690 2975 anuis
710 2906 837 2980 tenuit,
862 2902 1075 3001 ptaesec'cutam
1090 2909 1255 2984 invitatus,
1279 2906 1412 2981 sedulam
1424 2907 1545 2981 navavit
1555 2934 1581 2980 ,ο
1620 2946 1635 2962 ·

376 3029 466 3081 tam,
497 3025 533 3073 ut
556 3001 687 3097 gradum
707 3004 898 3094 titulumque
921 3005 1074 3075 Dostotis
1099 3004 1131 3073 in
1154 3003 1209 3076 ista
1222 3004 1392 3087 facultate,
1415 3026 1511 3096 quem
1530 3026 1573 3098 po
1600 3028 1635 3076 ea

378 3122 520 3199 tempore
534 3100 620 3190 juxta
636 3123 775 3171 normam
790 3098 973 3173 statutorum
983 3098 1346 3197 Academiaeptaefinito,
1369 3096 1541 3197 capessiit,
1568 3101 1635 3172 absi

380 3223 444 3292 que
459 3200 546 3269 omni
562 3198 667 3297 gratia
683 3198 815 3291 aucupio
839 3220 1014 3270 mercretur.
1065 3200 1219 3273 Reversus
1232 3197 1271 3272 ad
1284 3198 1475 3297 propinquos
1494 3203 1526 3268 δι
1544 3195 1634 3272 limi·

377 3299 489 3383 liatcs,
510 3319 607 3370 artem
633 3293 719 3366 istam
734 3297 915 3383 salutatem,
945 3320 1040 3391 quam
1057 3294 1205 3393 prosellus
1218 3292 1286 3386 cst,
1319 3292 1403 3395 apud
1418 3297 1499 3370 vitos
1518 3285 1637 3372 nobiles

376 3397 512 3490 aliosque
536 3395 736 3468 circumcirca
756 3391 928 3493 degentes,
961 3415 1029 3466 tunt
1053 3396 1098 3467 ob
1117 3394 1270 3497 iufignem
1298 3392 1441 3470 medendi
1467 3397 1607 3494 peritiam
1623 3447 1642 3485 „

380 3516 450 3567 tum
469 3495 514 3566 ob
526 3494 654 3567 obviam
676 3489 916 3571 humanitatem,
937 3491 1214 3590 placidiffimosque
1229 3522 1357 3582 mores,
1383 3516 1492 3593 utpote
1516 3492 1554 3565 ad
1567 3494 1638 3591 opi·

381 3590 542 3664 tulaudum
560 3592 648 3690 aegtis
668 3592 717 3664 vel
733 3591 879 3662 tenuioris
895 3590 1027 3663 sortuoae
1049 3590 1269 3689 paratiffinius,
1294 3596 1380 3667 omni
1394 3589 1570 3665 morositate
1585 3615 1640 3661 va·
1754 3641 1759 3646 -
1792 3668 1799 3678 ἡ

382 3715 485 3773 tuus,
517 3697 550 3761 ἃ
575 3689 614 3762 ad
637 3690 734 3782 queni
755 3689 865 3784 quavis
878 3687 1039 3759 occasione
1059 3687 1129 3761 data
1148 3696 1295 3784 cuiquam
1311 3690 1402 3762 facile
1417 3706 1479 3759 erat
1491 3683 1642 3759 accedenss

383 3786 488 3865 dum,
513 3788 552 3857 ab
574 3790 721 3859 omnibus
744 3810 891 3881 tanquam
908 3787 1040 3856 tutelatis
1055 3789 1161 3883 genius
1181 3790 1243 3860 loci
1259 3811 1373 3886 magno
1391 3787 1422 3855 in
1438 3786 1537 3882 pretio
1552 3781 1643 3857 habi·

382 3908 451 3978 tus,
477 3910 531 3978 pet
555 3889 669 3958 multos
685 3908 777 3958 annos
792 3886 940 3957 exercuit.
988 3881 1047 3955 Sed
1062 3883 1136 3955 citm
1152 3881 1322 3957 subcefivas
1340 3881 1428 3957 horas
1440 3878 1497 3956 stbi
1513 3883 1547 3956 io
1560 3885 1642 3961 Mu·

380 3986 431 4057 seo
447 3986 563 4066 residias
583 3985 715 4056 omniuo
730 3985 826 4082 petite
841 3979 983 4056 vetuisset
999 3984 1107 4080 igneus
1121 3984 1213 4055 animi
1231 3983 1349 4079 vigor,
1378 4002 1529 4076 quantum
1543 4007 1643 4080 quan·

319 4071 328 4086 ⁸
386 4083 615 4177 tulumcunque
633 4081 709 4154 illud
725 4083 783 4155 otii
801 4081 897 4165 esset,
931 4083 963 4152 iu
980 4081 1092 4152 arcanis
1109 4079 1310 4154 scientiarum
1332 4078 1644 4167 Mathematicuum,

227 4161 240 4192 ⁸
386 4184 421 4251 dc
450 4179 615 4279 ptaesettim
641 4179 883 4267 Astronomiae,
915 4178 1003 4275 cujus
1012 4202 1127 4348 dium
1150 4186 1185 4254 &
1214 4175 1368 4255 desiderio
1396 4180 1436 4255 ab
1458 4178 1560 4258 edtdta
1591 4180 1644 4270 ju·

929 4317 932 4321 ’
1077 4298 1102 4374 8
1580 4298 1656 4380 “¹²2

542 1923 684 2019 isciplinis
697 1924 728 1994 in
743 1922 876 2020 collegio
898 1926 1068 1994 Emannelis
1086 1921 1299 2000 instituendus.
1346 1930 1402 1998 De
1422 1946 1485 1997 tam
1500 1925 1579 1997 bona
1594 1928 1630 1994 &
1678 1952 1687 1966 ·
