4250 5184
701 525 1399 639 JncontUssnn11.
1625 571 1677 652 97

414 677 485 759 n'is,
510 669 549 745 2d
558 663 913 769 explorandumomnes,
936 663 994 757 qui
1004 664 1119 760 Regias
1127 686 1222 761 partes
1234 667 1348 749 secuti,
1372 666 1683 763 urbemnccelserint,

416 778 471 846 De
493 773 736 866 utatisprotenus
748 763 965 860 representare.
1014 769 1131 834 Coram
1149 759 1231 834 hisce
1247 765 1485 856 Inquisitoribus
1506 796 1680 871 comparere

412 870 447 963 ju
473 868 661 964 usvfferr'us,
686 860 832 936 tortuosis
845 859 1069 956 quaestionibus
1084 885 1139 955 pro
1148 862 1287 956 sapientia
1302 867 1491 961 suaingenus
1505 872 1677 966 respondit,

412 968 476 1041 side
485 969 640 1044 adhibita,
655 967 702 1042 se,
717 960 995 1060 praesentibustunc
1008 962 1116 1028 Oxvm‘t'
1125 961 1316 1056 Agentibus,
1341 962 1358 1031 l
1373 965 1599 1041 Consoederatis
1608 976 1676 1048 Re.

414 1067 544 1141 bellibru
572 1064 612 1137 de
635 1062 815 1134 toleratione
838 1054 1015 1128 Pontificiae
1038 1058 1195 1166 religionis
1229 1059 1260 1127 in
1286 1057 1341 1130 ista
1366 1063 1463 1136 Insula
1489 1065 1558 1161 post
1584 1069 1674 1142 indu·

412 1167 472 1239 cias
496 1161 681 1263 procuranda
705 1155 802 1230 millis
834 1209 845 1242 ,
872 1156 1009 1252 Regiam
1035 1152 1232 1241 Maiestatem
1260 1154 1433 1231 humillime
1459 1163 1673 1261 interpellasse,

413 1286 450 1335 ut
474 1263 551 1336 nihil
577 1265 608 1333 in
633 1262 722 1332 rebus
745 1254 784 1327 ad
807 1255 1010 1348 Religionem
1034 1255 1257 1347 spestantibus,
1282 1256 1335 1325 illo
1360 1258 1455 1330 inscio
1480 1313 1490 1346 ,
1516 1287 1671 1362 ageretur:

413 1361 503 1458 quod
536 1368 570 1432 &
602 1365 679 1436 Rex
709 1349 924 1450 benignilsrms
956 1352 1111 1447 pollicitus
1140 1349 1212 1422 est:
1247 1376 1303 1421 nec
1334 1354 1417 1450 apud
1442 1362 1567 1456 Regem
1591 1364 1673 1437 aliud

413 1462 581 1533 consilium
606 1460 635 1529 sc
657 1445 864 1551 interposuisse
894 1498 905 1526 ‚
930 1473 1031 1543 neque
1055 1448 1157 1519 eidem
1182 1452 1353 1522 tolerationi
1367 1455 1531 1552 proposrtae
1548 1465 1672 1559 Regem

413 1560 515 1654 ipsum
541 1558 588 1626 vel
614 1553 782 1626 minimlrm
806 1544 927 1628 saville3
952 1546 1003 1619 sed
1027 1548 1046 1618 ὲ
1073 1550 1250 1633 contrario,
1275 1548 1426 1635 eandem,
1452 1552 1527 1625 clam
1551 1581 1595 1630 res
1619 1560 1673 1633 illa

415 1656 448 1726 in
482 1656 631 1731 Concilio
654 1650 797 1725 lanstiori
817 1644 1061 1744 disceptaretur,
1086 1646 1206 1718 strenue
1231 1647 1431 1746 impugnasse.
1503 1655 1672 1750 Postquam

414 1754 494 1826 verb
521 1751 682 1825 Praesrdem
698 1756 926 1846 juramentum,
952 1746 1000 1816 uti
1025 1746 1229 1842 appellabant,
1250 1759 1420 1849 negativum
1434 1750 1673 1836 obtrudentem,

413 1873 450 1922 ut
474 1849 515 1922 de
540 1875 571 1921 re
592 1852 671 1923 tanti
694 1845 848 1919 momenti
870 1839 952 1938 apud
975 1844 1006 1914 se
1031 1844 1136 1941 paucis
1160 1841 1270 1916 diebus
1295 1847 1502 1944 interpositis,
1526 1849 1673 1927 delibera-

413 1970 479 2034 ret,
504 1947 633 2048 rogasset
665 2000 676 2033 ,
699 1948 774 2018 abiit
798 1942 950 2038 impunis,
974 1965 1055 2019 nec,
1081 1962 1191 2039 utpote
1216 1947 1260 2016 D.
1272 1947 1391 2016 Seldeno
1413 1948 1538 2043 aliisque
1561 1973 1601 2024 ex
1625 1955 1672 2025 in·

409 2048 530 2121 serioris
553 2053 692 2120 Camere
715 2039 947 2117 Adsessoribus,
969 2065 1049 2133 quos
1074 2038 1182 2111 habuit
1205 2044 1338 2127 amicos,
1362 2044 1421 2115 sese
1445 2046 1477 2115 in
1502 2049 1582 2121 illius
1605 2076 1674 2148 gra.

409 2150 484 2218 tiam
509 2144 797 2245 interponentibus,
822 2136 936 2212 iterum
962 2139 1173 2232 comparebat,
1198 2141 1236 2211 ab
1261 2138 1414 2230 ejusmodi
1438 2145 1543 2243 impiis
1564 2149 1672 2246 pollu.

411 2246 594 2330 sationibus,
620 2270 695 2342 quas
718 2261 874 2314 execratus
898 2238 961 2322 est,
985 2237 1117 2308 omnino
1142 2239 1295 2311 liberatus.

459 2346 517 2416 Ab
541 2342 642 2417 isthoc
667 2365 833 2439 tompore,
857 2335 1031 2415 rariffimd,
1062 2334 1118 2407 nifi
1134 2334 1283 2418 iustisde
1307 2341 1425 2419 causrs,
1447 2343 1486 2412 ab
1510 2343 1668 2420 illustrissi-

407 2466 458 2513 ma
481 2443 596 2516 semina
618 2445 739 2539 reliquo
763 2441 837 2511 vitae
859 2459 1000 2531 tempore
1026 2436 1208 2509 avellebatur
1238 2484 1249 2514 ‚
1273 2432 1311 2507 ad
1336 2459 1470 2510 mortem
1485 2444 1600 2536 usque3
1627 2471 1669 2518 ae.

410 2538 501 2615 dibus
524 2544 622 2625 illius,
647 2540 766 2615 sivein
790 2539 883 2622 tube,
908 2534 973 2609 sive
995 2557 1093 2617 nare,
1118 2536 1150 2605 in
1175 2535 1337 2608 Provincia
1363 2543 1521 2634 Smer'enfi
1538 2539 1666 2623 affixus,

407 2646 442 2712 δι
466 2639 639 2715 incredibili
663 2637 750 2711 istius
772 2638 940 2718 comitate,
961 2632 1049 2729 quali
1074 2632 1106 2705 vi
1123 2630 1321 2731 placidiffima
1335 2633 1495 2724 detennu,
1520 2662 1668 2738 tanquam

404 2739 437 2809 in
461 2743 646 2837 propriis&
671 2735 815 2824 suijuris
839 2731 977 2816 aedibus,
1001 2732 1045 2805 ibi
1071 2732 1191 2805 manfit.

298 2841 301 2846 ’
457 2845 587 2910 Ineunte
617 2842 663 2911 A.
676 2837 936 2910 MDCXLVII.
966 2832 1095 2904 venial
1121 2835 1356 2909 Parlamentariis
1387 2839 1468 2934 egr&
1491 2836 1665 2915 admodum
1677 2851 1710 2911 ln
1719 2853 1807 2912 secet.

405 2934 564 3028 impetrata
594 2984 605 3013 ,
638 2937 671 3006 in
695 2935 801 3006 sacello
822 2932 1076 3035 Jurisperitorum
1099 2934 1261 3029 Collegii,
1292 2935 1382 3026 quod
1406 2943 1570 3038 Iasospitim
1595 2928 1810 3018 wlpslospi·

403 3033 538 3125 ..usust
566 3050 782 3128 nuncupatur,
812 3030 844 3099 tn
869 3030 1018 3104 suburbiis
1041 3030 1393 3124 memonasterium...
1426 3035 1511 3123 juxta
1541 3006 1814 3155 urorumgfssssff‘g:

405 3127 592 3203 desiderium
622 3151 749 3202 munere
777 3129 1009 3203 concionatorio
1037 3129 1128 3226 fungi
1163 3148 1327 3222 coeperat,
1358 3130 1446 3223 quast
1469 3129 1527 3210 id,
1553 3132 1576 3203 sr
1603 3155 1793 3214 nonnemo,

407 3228 538 3300 unicum
562 3279 574 3311 ,
607 3230 713 3301 saltem
736 3227 929 3326 praecipuum
953 3231 1027 3304 vitae
1051 3223 1273 3300 Ecclefiasticae
1297 3226 1473 3301 habendum
1498 3228 1571 3302 esset
1595 3256 1665 3331 pro·
1677 3231 1800 3291 eoncio·

404 3324 543 3423 positum
568 3333 602 3399 δι
626 3325 699 3400 finis
723 3352 732 3395 t
767 3328 891 3420 inquo
916 3325 1046 3424 quidem
1071 3329 1168 3427 longo
1191 3327 1248 3400 usu
1272 3327 1554 3413 exercitatissimus,
1578 3332 1610 3404 in
1634 3321 1767 3404 e·¹¹¹‘⁰¹·

402 3425 459 3497 nio
489 3433 524 3500 δι
544 3427 699 3499 memoria
729 3421 875 3521 expedite
906 3450 961 3524 per
991 3451 1100 3498 omnes
1130 3424 1272 3523 positivae
1294 3454 1330 3500 ac
1354 3430 1496 3528 prasticae
1520 3356 1668 3506 Theolo-

401 3526 463 3621 giae
485 3528 628 3599 articulos
652 3527 896 3621 communesque
919 3527 1004 3600 locos
1027 3526 1298 3623 percurrentibus,
1324 3528 1480 3625 quioquid
1506 3530 1538 3601 in
1562 3555 1667 3605 mente

401 3625 514 3719 absque
544 3627 651 3719 aliquo
683 3623 837 3696 laborioso
862 3625 975 3696 cerebri
1007 3627 1085 3698 nixu
1109 3624 1311 3723 concepisset,
1335 3629 1370 3699 id
1394 3627 1477 3699 sacili
1500 3630 1666 3714 oratione,

403 3743 461 3791 nec
485 3743 585 3796 tamen
610 3727 791 3818 incompta,
816 3723 1009 3820 parturivit:
1037 3747 1094 3794 nec
1118 3725 1244 3818 pensum
1269 3722 1354 3796 illud
1370 3719 1664 3812 hebdomadarium,

403 3814 581 3892 durantibus
604 3823 743 3893 terminis
767 3816 802 3892 h.
850 3842 879 3892 e.
927 3816 1055 3916 quando
1089 3820 1237 3891 nimirum
1262 3822 1328 3890 lites
1353 3821 1512 3915 causaeque
1536 3819 1666 3900 forenses

404 3915 1413 4113 {tl”‘¹¹lt.f.⁰‘l.ll.⁰{3.ls⁰llsllllllnlslls.’
1436 3920 1668 4097 ‘llsslllhl

481 4066 492 4099 t
1398 4066 1410 4102 2

407 4131 497 4183 nuam
519 4137 641 4189 navaret
663 4135 800 4214 operam.
837 4114 921 4209 Q&
945 4134 1048 4186 autem
1075 4110 1273 4185 commodius
1297 4112 1378 4210 apud
1401 4117 1506 4216 ipsos,
1531 4124 1670 4218 quoties·

409 4230 535 4305 cunque
560 4211 736 4290 adlubitum
757 4210 872 4300 fuerit,
894 4210 1095 4289 diversaretur
1117 4211 1269 4307 vfferr'us,
1300 4209 1397 4311 hujus
1426 4218 1578 4294 societatis
1601 4218 1671 4288 Pri.

1090 4316 1128 4389 N
1601 4337 1671 4384 rno-
