<?xml version="1.0" encoding="UTF-8"?>
<!DOCTYPE html PUBLIC "-//W3C//DTD XHTML 1.0 Transitional//EN"
    "http://www.w3.org/TR/xhtml1/DTD/xhtml1-transitional.dtd">
<html xmlns="http://www.w3.org/1999/xhtml" xml:lang="en" lang="en">
 <head>
  <title>
</title>
<meta http-equiv="Content-Type" content="text/html;charset=utf-8" />
  <meta name='ocr-system' content='tesseract 3.04.00' />
  <meta name='ocr-capabilities' content='ocr_page ocr_carea ocr_par ocr_line ocrx_word'/>
</head>
<body>
  <div class='ocr_page' id='page_1' title='image "./vitquorundameru00smitgoog_0265.png"; bbox 0 0 4250 5184; ppageno 0'>
   <div class='ocr_carea' id='block_1_1' title="bbox 304 517 1731 4256">
    <p class='ocr_par' dir='ltr' id='par_1_1' title="bbox 695 517 1668 639">
     <span class='ocr_line' id='line_1_1' title="bbox 695 517 1668 639; baseline -0.029 -20"><span class='ocrx_word' id='word_1_1' title='bbox 695 532 941 639; x_wconf 70' lang='lat' dir='ltr'>loturus</span> <span class='ocrx_word' id='word_1_2' title='bbox 970 517 1355 609; x_wconf 75' lang='lat' dir='ltr'>Bitunuineir.</span> <span class='ocrx_word' id='word_1_3' title='bbox 1639 541 1668 624; x_wconf 82' lang='lat'>9</span> 
     </span>
    </p>

    <p class='ocr_par' dir='ltr' id='par_1_2' title="bbox 304 655 1713 1760">
     <span class='ocr_line' id='line_1_2' title="bbox 337 655 1698 774; baseline -0.016 -25"><span class='ocrx_word' id='word_1_4' title='bbox 337 691 340 700; x_wconf 92' lang='lat'>&#39;</span> <span class='ocrx_word' id='word_1_5' title='bbox 399 708 489 764; x_wconf 64' lang='lat' dir='ltr'>ms</span> <span class='ocrx_word' id='word_1_6' title='bbox 510 676 658 774; x_wconf 58' lang='lat' dir='ltr'>mliorem</span> <span class='ocrx_word' id='word_1_7' title='bbox 680 665 771 759; x_wconf 73' lang='lat' dir='ltr'>nestro</span> <span class='ocrx_word' id='word_1_8' title='bbox 790 655 945 749; x_wconf 66' lang='lat' dir='ltr'>Mousti</span> <span class='ocrx_word' id='word_1_9' title='bbox 973 663 977 670; x_wconf 83' lang='lat'>&#39;</span> <span class='ocrx_word' id='word_1_10' title='bbox 1034 657 1203 729; x_wconf 86' lang='lat' dir='ltr'>Mecaenati</span> <span class='ocrx_word' id='word_1_11' title='bbox 1222 669 1325 756; x_wconf 78' lang='lat' dir='ltr'>optineo</span> <span class='ocrx_word' id='word_1_12' title='bbox 1347 655 1648 762; x_wconf 66' lang='lat' dir='ltr'>expiafelicffnios.&#39;</span> <span class='ocrx_word' id='word_1_13' title='bbox 1694 666 1698 676; x_wconf 89' lang='lat'>&#39;</span> 
     </span>
     <span class='ocr_line' id='line_1_3' title="bbox 304 752 1713 858; baseline -0.028 0"><span class='ocrx_word' id='word_1_14' title='bbox 304 777 307 784; x_wconf 65' lang='grc'><strong>’</strong></span> <span class='ocrx_word' id='word_1_15' title='bbox 409 781 412 786; x_wconf 74' lang='grc'><strong>’</strong></span> <span class='ocrx_word' id='word_1_16' title='bbox 452 787 553 858; x_wconf 84' lang='lat' dir='ltr'>Hunc</span> <span class='ocrx_word' id='word_1_17' title='bbox 578 773 645 847; x_wconf 66' lang='lat' dir='ltr'>sene</span> <span class='ocrx_word' id='word_1_18' title='bbox 669 775 833 841; x_wconf 82' lang='lat' dir='ltr'>Cenonetn</span> <span class='ocrx_word' id='word_1_19' title='bbox 856 753 940 827; x_wconf 78' lang='lat' dir='ltr'>ciim·</span> <span class='ocrx_word' id='word_1_20' title='bbox 993 752 1211 825; x_wconf 60' lang='lat' dir='ltr'>‚Abraham</span> <span class='ocrx_word' id='word_1_21' title='bbox 1229 762 1394 836; x_wconf 71' lang='lat' dir='ltr'><em>scultetus,</em></span> <span class='ocrx_word' id='word_1_22' title='bbox 1428 760 1552 832; x_wconf 62' lang='lat' dir='ltr'>Laudine·</span> <span class='ocrx_word' id='word_1_23' title='bbox 1572 782 1662 857; x_wconf 69' lang='lat' dir='ltr'>agen,</span> <span class='ocrx_word' id='word_1_24' title='bbox 1709 823 1713 834; x_wconf 67' lang='grc'><strong>,</strong></span> 
     </span>
     <span class='ocr_line' id='line_1_4' title="bbox 401 847 1663 958; baseline -0.026 -2"><span class='ocrx_word' id='word_1_25' title='bbox 401 889 447 958; x_wconf 83' lang='lat' dir='ltr'>A.</span> <span class='ocrx_word' id='word_1_26' title='bbox 465 872 678 956; x_wconf 82' lang='lat' dir='ltr'>MDcxm.</span> <span class='ocrx_word' id='word_1_27' title='bbox 693 863 711 933; x_wconf 71' lang='lat' dir='ltr'>d</span> <span class='ocrx_word' id='word_1_28' title='bbox 725 862 794 933; x_wconf 83' lang='lat' dir='ltr'>viro</span> <span class='ocrx_word' id='word_1_29' title='bbox 816 864 956 928; x_wconf 79' lang='lat' dir='ltr'>summo,</span> <span class='ocrx_word' id='word_1_30' title='bbox 979 853 1027 922; x_wconf 88' lang='lat' dir='ltr'>D.</span> <span class='ocrx_word' id='word_1_31' title='bbox 1040 847 1162 947; x_wconf 77' lang='lat' dir='ltr'>Jeme</span> <span class='ocrx_word' id='word_1_32' title='bbox 1177 857 1331 936; x_wconf 73' lang='lat' dir='ltr'>Overaiso,</span> <span class='ocrx_word' id='word_1_33' title='bbox 1358 859 1489 928; x_wconf 81' lang='lat' dir='ltr'>Decitio</span> <span class='ocrx_word' id='word_1_34' title='bbox 1507 855 1663 932; x_wconf 68' lang='lat' dir='ltr'>¹Ecclesia</span> 
     </span>
     <span class='ocr_line' id='line_1_5' title="bbox 400 936 1662 1064; baseline -0.027 -11"><span class='ocrx_word' id='word_1_35' title='bbox 400 972 595 1064; x_wconf 75' lang='lat' dir='ltr'>cathedralis</span> <span class='ocrx_word' id='word_1_36' title='bbox 625 972 656 1039; x_wconf 87' lang='lat' dir='ltr'>S.</span> <span class='ocrx_word' id='word_1_37' title='bbox 669 962 775 1041; x_wconf 75' lang='lat' dir='ltr'>Pauli,</span> <span class='ocrx_word' id='word_1_38' title='bbox 799 971 980 1048; x_wconf 87' lang='lat' dir='ltr'>acceptum,</span> <span class='ocrx_word' id='word_1_39' title='bbox 1003 971 1086 1022; x_wconf 88' lang='lat' dir='ltr'>mox</span> <span class='ocrx_word' id='word_1_40' title='bbox 1109 947 1178 1045; x_wconf 90' lang='lat' dir='ltr'>post</span> <span class='ocrx_word' id='word_1_41' title='bbox 1194 936 1328 1022; x_wconf 89' lang='lat' dir='ltr'>reditum</span> <span class='ocrx_word' id='word_1_42' title='bbox 1345 954 1375 1024; x_wconf 94' lang='lat' dir='ltr'>in</span> <span class='ocrx_word' id='word_1_43' title='bbox 1400 961 1591 1026; x_wconf 72' lang='lat' dir='ltr'><em>Germaniam</em></span> <span class='ocrx_word' id='word_1_44' title='bbox 1608 963 1662 1028; x_wconf 66' lang='lat' dir='ltr'>Si.</span> 
     </span>
     <span class='ocr_line' id='line_1_6' title="bbox 401 1045 1660 1167; baseline -0.029 -14"><span class='ocrx_word' id='word_1_45' title='bbox 401 1079 450 1152; x_wconf 73' lang='lat' dir='ltr'>ihr</span> <span class='ocrx_word' id='word_1_46' title='bbox 464 1075 599 1167; x_wconf 63' lang='lat' dir='ltr'>alvisi,</span> <span class='ocrx_word' id='word_1_47' title='bbox 620 1068 745 1138; x_wconf 78' lang='lat' dir='ltr'>alteram</span> <span class='ocrx_word' id='word_1_48' title='bbox 770 1055 886 1149; x_wconf 85' lang='lat' dir='ltr'>Operis</span> <span class='ocrx_word' id='word_1_49' title='bbox 907 1046 1136 1144; x_wconf 84' lang='lat' dir='ltr'>Chronosogici</span> <span class='ocrx_word' id='word_1_50' title='bbox 1152 1045 1327 1120; x_wconf 82' lang='lat' dir='ltr'>editionem</span> <span class='ocrx_word' id='word_1_51' title='bbox 1344 1047 1499 1124; x_wconf 74' lang='lat' dir='ltr'>adornatur</span> <span class='ocrx_word' id='word_1_52' title='bbox 1516 1075 1660 1138; x_wconf 71' lang='lat' dir='ltr'>commu.</span> 
     </span>
     <span class='ocr_line' id='line_1_7' title="bbox 402 1137 1663 1250; baseline -0.022 1"><span class='ocrx_word' id='word_1_53' title='bbox 402 1175 530 1250; x_wconf 74' lang='lat' dir='ltr'>uitauit.¹</span> <span class='ocrx_word' id='word_1_54' title='bbox 580 1166 649 1238; x_wconf 89' lang='lat' dir='ltr'>Hic</span> <span class='ocrx_word' id='word_1_55' title='bbox 673 1151 854 1230; x_wconf 76' lang='lat' dir='ltr'>veroium</span> <span class='ocrx_word' id='word_1_56' title='bbox 875 1171 933 1244; x_wconf 83' lang='lat' dir='ltr'>pro</span> <span class='ocrx_word' id='word_1_57' title='bbox 956 1137 1124 1215; x_wconf 77' lang='lat' dir='ltr'>admirabili</span> <span class='ocrx_word' id='word_1_58' title='bbox 1149 1145 1263 1219; x_wconf 83' lang='lat' dir='ltr'>mentis</span> <span class='ocrx_word' id='word_1_59' title='bbox 1287 1147 1319 1217; x_wconf 90' lang='lat' dir='ltr'>in</span> <span class='ocrx_word' id='word_1_60' title='bbox 1344 1145 1530 1221; x_wconf 76' lang='lat' dir='ltr'>instauranda</span> <span class='ocrx_word' id='word_1_61' title='bbox 1555 1149 1663 1224; x_wconf 90' lang='lat' dir='ltr'>Chro-</span> 
     </span>
     <span class='ocr_line' id='line_1_8' title="bbox 400 1239 1663 1376; baseline -0.024 -28"><span class='ocrx_word' id='word_1_62' title='bbox 400 1273 527 1376; x_wconf 82' lang='lat' dir='ltr'>hologia</span> <span class='ocrx_word' id='word_1_63' title='bbox 550 1261 622 1363; x_wconf 86' lang='lat' dir='ltr'>post</span> <span class='ocrx_word' id='word_1_64' title='bbox 653 1254 817 1358; x_wconf 67' lang='lat' dir='ltr'>Josepbm</span> <span class='ocrx_word' id='word_1_65' title='bbox 838 1247 1017 1358; x_wconf 55' lang='grc' dir='ltr'>ΜζΜ</span> <span class='ocrx_word' id='word_1_66' title='bbox 1046 1239 1193 1325; x_wconf 85' lang='lat' dir='ltr'>sollertia,</span> <span class='ocrx_word' id='word_1_67' title='bbox 1218 1243 1373 1340; x_wconf 61' lang='lat' dir='ltr'>praeci&#39;pud</span> <span class='ocrx_word' id='word_1_68' title='bbox 1397 1244 1533 1326; x_wconf 83' lang='lat' dir='ltr'>subsidio</span> <span class='ocrx_word' id='word_1_69' title='bbox 1555 1249 1663 1320; x_wconf 82' lang='lat' dir='ltr'>coeses·</span> 
     </span>
     <span class='ocr_line' id='line_1_9' title="bbox 401 1341 1660 1446; baseline -0.029 -5"><span class='ocrx_word' id='word_1_70' title='bbox 401 1375 484 1446; x_wconf 83' lang='lat' dir='ltr'>tium</span> <span class='ocrx_word' id='word_1_71' title='bbox 509 1365 744 1441; x_wconf 69' lang='lat' dir='ltr'>cumaeum,</span> <span class='ocrx_word' id='word_1_72' title='bbox 773 1356 807 1419; x_wconf 91' lang='lat'>&amp;</span> <span class='ocrx_word' id='word_1_73' title='bbox 838 1343 980 1415; x_wconf 82' lang='lat' dir='ltr'>civilium</span> <span class='ocrx_word' id='word_1_74' title='bbox 1007 1362 1156 1410; x_wconf 89' lang='lat' dir='ltr'>annorum</span> <span class='ocrx_word' id='word_1_75' title='bbox 1183 1343 1365 1417; x_wconf 81' lang='lat' dir='ltr'>comannis</span> <span class='ocrx_word' id='word_1_76' title='bbox 1398 1341 1606 1418; x_wconf 78' lang='lat' dir='ltr'>astronomicis</span> <span class='ocrx_word' id='word_1_77' title='bbox 1629 1345 1660 1414; x_wconf 76' lang='lat' dir='ltr'>in</span> 
     </span>
     <span class='ocr_line' id='line_1_10' title="bbox 406 1437 1663 1557; baseline -0.025 -13"><span class='ocrx_word' id='word_1_78' title='bbox 406 1469 452 1544; x_wconf 85' lang='lat' dir='ltr'>fiii</span> <span class='ocrx_word' id='word_1_79' title='bbox 487 1468 534 1549; x_wconf 83' lang='lat' dir='ltr'>ilis</span> <span class='ocrx_word' id='word_1_80' title='bbox 558 1453 698 1557; x_wconf 84' lang='lat' dir='ltr'>Epochir</span> <span class='ocrx_word' id='word_1_81' title='bbox 721 1443 976 1542; x_wconf 71' lang='lat' dir='ltr'>comparatione,</span> <span class='ocrx_word' id='word_1_82' title='bbox 1009 1437 1095 1508; x_wconf 58' lang='lat' dir='ltr'>resti</span> <span class='ocrx_word' id='word_1_83' title='bbox 1119 1461 1175 1507; x_wconf 82' lang='lat' dir='ltr'>nec</span> <span class='ocrx_word' id='word_1_84' title='bbox 1190 1440 1357 1533; x_wconf 85' lang='lat' dir='ltr'>quisquam</span> <span class='ocrx_word' id='word_1_85' title='bbox 1379 1439 1479 1514; x_wconf 87' lang='lat' dir='ltr'>isthoc</span> <span class='ocrx_word' id='word_1_86' title='bbox 1504 1467 1571 1511; x_wconf 79' lang='lat' dir='ltr'>aevo</span> <span class='ocrx_word' id='word_1_87' title='bbox 1596 1466 1663 1512; x_wconf 89' lang='lat' dir='ltr'>me·</span> 
     </span>
     <span class='ocr_line' id='line_1_11' title="bbox 406 1533 1665 1668; baseline -0.024 -27"><span class='ocrx_word' id='word_1_88' title='bbox 406 1562 602 1668; x_wconf 68' lang='lat' dir='ltr'>liupoton,</span> <span class='ocrx_word' id='word_1_89' title='bbox 624 1552 710 1630; x_wconf 89' lang='lat' dir='ltr'>omni</span> <span class='ocrx_word' id='word_1_90' title='bbox 734 1569 808 1617; x_wconf 89' lang='lat' dir='ltr'>auro</span> <span class='ocrx_word' id='word_1_91' title='bbox 831 1533 1043 1649; x_wconf 75' lang='lat' dir='ltr'>pretiofiorem</span> <span class='ocrx_word' id='word_1_92' title='bbox 1060 1533 1127 1604; x_wconf 81' lang='lat' dir='ltr'>&#39;esse</span> <span class='ocrx_word' id='word_1_93' title='bbox 1140 1534 1293 1625; x_wconf 82' lang='lat' dir='ltr'>judicans,</span> <span class='ocrx_word' id='word_1_94' title='bbox 1319 1537 1350 1608; x_wconf 93' lang='lat' dir='ltr'>in</span> <span class='ocrx_word' id='word_1_95' title='bbox 1376 1539 1504 1640; x_wconf 82' lang='lat' dir='ltr'>Isagoge</span> <span class='ocrx_word' id='word_1_96' title='bbox 1527 1541 1665 1638; x_wconf 74' lang='lat' dir='ltr'>promis·</span> 
     </span>
     <span class='ocr_line' id='line_1_12' title="bbox 406 1645 933 1760; baseline -0.057 -25"><span class='ocrx_word' id='word_1_97' title='bbox 406 1667 459 1751; x_wconf 87' lang='lat' dir='ltr'>sa,</span> <span class='ocrx_word' id='word_1_98' title='bbox 482 1664 599 1760; x_wconf 82' lang='lat' dir='ltr'>primus</span> <span class='ocrx_word' id='word_1_99' title='bbox 623 1645 778 1723; x_wconf 84' lang='lat' dir='ltr'>edendum</span> <span class='ocrx_word' id='word_1_100' title='bbox 803 1656 933 1711; x_wconf 86' lang='lat' dir='ltr'>curavit.</span> 
     </span>
    </p>

    <p class='ocr_par' dir='ltr' id='par_1_3' title="bbox 459 1732 1615 1840">
     <span class='ocr_line' id='line_1_13' title="bbox 459 1732 1615 1840; baseline -0.02 -10"><span class='ocrx_word' id='word_1_101' title='bbox 459 1757 539 1840; x_wconf 87' lang='lat' dir='ltr'>Sed,</span> <span class='ocrx_word' id='word_1_102' title='bbox 564 1777 600 1829; x_wconf 90' lang='lat' dir='ltr'>ut</span> <span class='ocrx_word' id='word_1_103' title='bbox 622 1748 664 1822; x_wconf 85' lang='lat' dir='ltr'>de</span> <span class='ocrx_word' id='word_1_104' title='bbox 686 1745 750 1820; x_wconf 89' lang='lat' dir='ltr'>hoc</span> <span class='ocrx_word' id='word_1_105' title='bbox 774 1735 991 1810; x_wconf 66' lang='lat' dir='ltr'>Mathtmm&#39;cs</span> <span class='ocrx_word' id='word_1_106' title='bbox 1008 1735 1119 1801; x_wconf 58' lang='lat' dir='ltr'>Cam</span> <span class='ocrx_word' id='word_1_107' title='bbox 1142 1754 1253 1824; x_wconf 64' lang='lat' dir='ltr'>Pauca,</span> <span class='ocrx_word' id='word_1_108' title='bbox 1277 1745 1347 1810; x_wconf 67' lang='grc' dir='ltr'>δεῖν</span> <span class='ocrx_word' id='word_1_109' title='bbox 1365 1741 1480 1824; x_wconf 56' lang='lat' dir='ltr'>regib,</span> <span class='ocrx_word' id='word_1_110' title='bbox 1496 1732 1615 1807; x_wconf 81' lang='lat' dir='ltr'>dicam.-</span> 
     </span>
    </p>

    <p class='ocr_par' dir='ltr' id='par_1_4' title="bbox 407 1825 1731 4256">
     <span class='ocr_line' id='line_1_14' title="bbox 457 1825 1662 1938; baseline -0.032 -5"><span class='ocrx_word' id='word_1_111' title='bbox 457 1847 558 1938; x_wconf 78' lang='lat' dir='ltr'>Hunc</span> <span class='ocrx_word' id='word_1_112' title='bbox 580 1851 649 1927; x_wconf 64' lang='lat' dir='ltr'>sane</span> <span class='ocrx_word' id='word_1_113' title='bbox 673 1840 785 1928; x_wconf 86' lang='lat' dir='ltr'>summi</span> <span class='ocrx_word' id='word_1_114' title='bbox 809 1829 1006 1923; x_wconf 75' lang='lat' dir='ltr'>chronologi</span> <span class='ocrx_word' id='word_1_115' title='bbox 1019 1825 1222 1901; x_wconf 86' lang='lat' dir='ltr'>antecedentis</span> <span class='ocrx_word' id='word_1_116' title='bbox 1235 1831 1344 1911; x_wconf 84' lang='lat' dir='ltr'>seculi,</span> <span class='ocrx_word' id='word_1_117' title='bbox 1369 1852 1476 1928; x_wconf 82' lang='lat' dir='ltr'>praeter</span> <span class='ocrx_word' id='word_1_118' title='bbox 1492 1838 1662 1930; x_wconf 68' lang='lat' dir='ltr'>Calvissm,</span> 
     </span>
     <span class='ocr_line' id='line_1_15' title="bbox 408 1925 1663 2046; baseline -0.033 -9"><span class='ocrx_word' id='word_1_119' title='bbox 408 1965 548 2036; x_wconf 79' lang='lat' dir='ltr'>maximo</span> <span class='ocrx_word' id='word_1_120' title='bbox 571 1945 604 2023; x_wconf 90' lang='lat' dir='ltr'>iii</span> <span class='ocrx_word' id='word_1_121' title='bbox 627 1944 728 2046; x_wconf 71' lang='lat' dir='ltr'>pretio</span> <span class='ocrx_word' id='word_1_122' title='bbox 750 1935 939 2020; x_wconf 68' lang='lat' dir='ltr'>habuerunt,</span> <span class='ocrx_word' id='word_1_123' title='bbox 963 1937 1080 2018; x_wconf 84' lang='lat' dir='ltr'>quem,</span> <span class='ocrx_word' id='word_1_124' title='bbox 1106 1943 1143 1995; x_wconf 88' lang='lat' dir='ltr'>ut</span> <span class='ocrx_word' id='word_1_125' title='bbox 1166 1925 1360 2000; x_wconf 76' lang='lat' dir='ltr'>certissimam</span> <span class='ocrx_word' id='word_1_126' title='bbox 1385 1951 1524 2002; x_wconf 72' lang='lat' dir='ltr'>normam</span> <span class='ocrx_word' id='word_1_127' title='bbox 1549 1932 1663 2005; x_wconf 76' lang='lat' dir='ltr'>&amp;du-</span> 
     </span>
     <span class='ocr_line' id='line_1_16' title="bbox 407 2024 1663 2152; baseline -0.026 -20"><span class='ocrx_word' id='word_1_128' title='bbox 407 2057 480 2132; x_wconf 74' lang='lat' dir='ltr'>&#39;cem</span> <span class='ocrx_word' id='word_1_129' title='bbox 513 2056 545 2125; x_wconf 91' lang='lat' dir='ltr'>in</span> <span class='ocrx_word' id='word_1_130' title='bbox 569 2057 700 2152; x_wconf 77' lang='lat' dir='ltr'>Regem</span> <span class='ocrx_word' id='word_1_131' title='bbox 725 2034 904 2140; x_wconf 44' lang='lat' dir='ltr'>&amp;prorum</span> <span class='ocrx_word' id='word_1_132' title='bbox 918 2027 1136 2138; x_wconf 65' lang='lat' dir='ltr'>Persarumque</span> <span class='ocrx_word' id='word_1_133' title='bbox 1159 2024 1252 2122; x_wconf 75' lang='lat' dir='ltr'>gessii</span> <span class='ocrx_word' id='word_1_134' title='bbox 1267 2033 1300 2097; x_wconf 73' lang='grc' dir='ltr'>δε</span> <span class='ocrx_word' id='word_1_135' title='bbox 1325 2027 1425 2103; x_wconf 86' lang='lat' dir='ltr'>annis,</span> <span class='ocrx_word' id='word_1_136' title='bbox 1443 2027 1575 2124; x_wconf 78' lang='lat' dir='ltr'>spinosis</span> <span class='ocrx_word' id='word_1_137' title='bbox 1648 2075 1663 2091; x_wconf 85' lang='lat'><strong>·</strong></span> 
     </span>
     <span class='ocr_line' id='line_1_17' title="bbox 409 2055 1664 2256; baseline -0.025 -28"><span class='ocrx_word' id='word_1_138' title='bbox 409 2152 605 2256; x_wconf 59' lang='lat' dir='ltr'>plenitatibus</span> <span class='ocrx_word' id='word_1_139' title='bbox 629 2141 698 2217; x_wconf 73' lang='lat' dir='ltr'>asiis</span> <span class='ocrx_word' id='word_1_140' title='bbox 720 2131 886 2212; x_wconf 80' lang='lat' dir='ltr'>involutis,</span> <span class='ocrx_word' id='word_1_141' title='bbox 911 2120 1076 2197; x_wconf 77' lang='lat' dir='ltr'>statuendis</span> <span class='ocrx_word' id='word_1_142' title='bbox 1100 2124 1196 2193; x_wconf 86' lang='lat' dir='ltr'>secuti</span> <span class='ocrx_word' id='word_1_143' title='bbox 1222 2125 1309 2208; x_wconf 88' lang='lat' dir='ltr'>sunt,</span> <span class='ocrx_word' id='word_1_144' title='bbox 1341 2131 1373 2195; x_wconf 86' lang='lat'><strong>&amp;</strong></span> <span class='ocrx_word' id='word_1_145' title='bbox 1399 2125 1486 2217; x_wconf 85' lang='lat' dir='ltr'>cujus</span> <span class='ocrx_word' id='word_1_146' title='bbox 1510 2055 1664 2204; x_wconf 62' lang='lat' dir='ltr'>beneiiio</span> 
     </span>
     <span class='ocr_line' id='line_1_18' title="bbox 408 2220 1664 2348; baseline -0.027 -26"><span class='ocrx_word' id='word_1_147' title='bbox 408 2274 539 2348; x_wconf 81' lang='lat' dir='ltr'>utraque</span> <span class='ocrx_word' id='word_1_148' title='bbox 564 2241 721 2320; x_wconf 82' lang='lat' dir='ltr'>Historia,</span> <span class='ocrx_word' id='word_1_149' title='bbox 745 2255 815 2305; x_wconf 88' lang='lat' dir='ltr'>tum</span> <span class='ocrx_word' id='word_1_150' title='bbox 830 2250 902 2324; x_wconf 79' lang='lat' dir='ltr'>quae</span> <span class='ocrx_word' id='word_1_151' title='bbox 927 2226 959 2294; x_wconf 90' lang='lat' dir='ltr'>in</span> <span class='ocrx_word' id='word_1_152' title='bbox 981 2222 1067 2293; x_wconf 86' lang='lat' dir='ltr'>sacris</span> <span class='ocrx_word' id='word_1_153' title='bbox 1093 2220 1271 2317; x_wconf 63' lang='lat' dir='ltr'>Scriptum,</span> <span class='ocrx_word' id='word_1_154' title='bbox 1297 2245 1366 2293; x_wconf 90' lang='lat' dir='ltr'>tum</span> <span class='ocrx_word' id='word_1_155' title='bbox 1389 2247 1464 2317; x_wconf 85' lang='lat' dir='ltr'>quae</span> <span class='ocrx_word' id='word_1_156' title='bbox 1487 2225 1518 2296; x_wconf 88' lang='lat' dir='ltr'>iii</span> <span class='ocrx_word' id='word_1_157' title='bbox 1543 2228 1664 2301; x_wconf 70' lang='lat' dir='ltr'>ultim</span> 
     </span>
     <span class='ocr_line' id='line_1_19' title="bbox 409 2320 1664 2448; baseline -0.032 -24"><span class='ocrx_word' id='word_1_158' title='bbox 409 2348 600 2448; x_wconf 81' lang='lat' dir='ltr'>antiquitatis</span> <span class='ocrx_word' id='word_1_159' title='bbox 624 2330 850 2438; x_wconf 77' lang='lat' dir='ltr'>scriptoribus,</span> <span class='ocrx_word' id='word_1_160' title='bbox 874 2320 1036 2401; x_wconf 82' lang='lat' dir='ltr'>Herodoto,</span> <span class='ocrx_word' id='word_1_161' title='bbox 1063 2323 1169 2410; x_wconf 70' lang='lat' dir='ltr'>Gesta,</span> <span class='ocrx_word' id='word_1_162' title='bbox 1193 2321 1320 2391; x_wconf 84' lang='lat' dir='ltr'>Diodoro</span> <span class='ocrx_word' id='word_1_163' title='bbox 1334 2326 1445 2406; x_wconf 71' lang='lat' dir='ltr'>Siculo,</span> <span class='ocrx_word' id='word_1_164' title='bbox 1470 2324 1595 2419; x_wconf 87' lang='lat' dir='ltr'>aliisque</span> <span class='ocrx_word' id='word_1_165' title='bbox 1609 2352 1664 2401; x_wconf 70' lang='lat' dir='ltr'>ex.</span> 
     </span>
     <span class='ocr_line' id='line_1_20' title="bbox 410 2415 1669 2535; baseline -0.026 -12"><span class='ocrx_word' id='word_1_166' title='bbox 410 2452 486 2535; x_wconf 88' lang='lat' dir='ltr'>stat,</span> <span class='ocrx_word' id='word_1_167' title='bbox 508 2447 590 2520; x_wconf 83' lang='lat' dir='ltr'>facili</span> <span class='ocrx_word' id='word_1_168' title='bbox 606 2427 760 2513; x_wconf 81' lang='lat' dir='ltr'>methodo</span> <span class='ocrx_word' id='word_1_169' title='bbox 785 2427 934 2516; x_wconf 55' lang='lat' dir='ltr'>idioque</span> <span class='ocrx_word' id='word_1_170' title='bbox 958 2415 1067 2490; x_wconf 86' lang='lat' dir='ltr'>ordine</span> <span class='ocrx_word' id='word_1_171' title='bbox 1094 2415 1186 2488; x_wconf 89' lang='lat' dir='ltr'>simul</span> <span class='ocrx_word' id='word_1_172' title='bbox 1217 2421 1436 2491; x_wconf 65' lang='lat' dir='ltr'>conneeiitur:</span> <span class='ocrx_word' id='word_1_173' title='bbox 1469 2441 1584 2519; x_wconf 87' lang='lat' dir='ltr'>utpote</span> <span class='ocrx_word' id='word_1_174' title='bbox 1606 2430 1669 2518; x_wconf 89' lang='lat' dir='ltr'>qui</span> 
     </span>
     <span class='ocr_line' id='line_1_21' title="bbox 408 2513 1669 2623; baseline -0.031 0"><span class='ocrx_word' id='word_1_175' title='bbox 408 2551 517 2623; x_wconf 85' lang='lat' dir='ltr'>seriem</span> <span class='ocrx_word' id='word_1_176' title='bbox 531 2532 797 2617; x_wconf 83' lang='lat' dir='ltr'>&amp;successionem</span> <span class='ocrx_word' id='word_1_177' title='bbox 814 2543 962 2594; x_wconf 89' lang='lat' dir='ltr'>annorum</span> <span class='ocrx_word' id='word_1_178' title='bbox 986 2521 1135 2614; x_wconf 82' lang='lat' dir='ltr'>Regum,</span> <span class='ocrx_word' id='word_1_179' title='bbox 1157 2534 1193 2586; x_wconf 93' lang='lat' dir='ltr'>ut</span> <span class='ocrx_word' id='word_1_180' title='bbox 1216 2513 1302 2601; x_wconf 83' lang='lat' dir='ltr'>dixi,</span> <span class='ocrx_word' id='word_1_181' title='bbox 1329 2514 1564 2621; x_wconf 71' lang='lat' dir='ltr'>Babylntiiornm,</span> <span class='ocrx_word' id='word_1_182' title='bbox 1589 2529 1669 2593; x_wconf 69' lang='lat' dir='ltr'>Me.</span> 
     </span>
     <span class='ocr_line' id='line_1_22' title="bbox 410 2610 1667 2733; baseline -0.031 -13"><span class='ocrx_word' id='word_1_183' title='bbox 410 2647 534 2727; x_wconf 72' lang='lat' dir='ltr'>dorum,</span> <span class='ocrx_word' id='word_1_184' title='bbox 558 2641 741 2733; x_wconf 78' lang='lat' dir='ltr'>Persarum,</span> <span class='ocrx_word' id='word_1_185' title='bbox 772 2632 999 2711; x_wconf 67' lang='lat' dir='ltr'>eternumque</span> <span class='ocrx_word' id='word_1_186' title='bbox 1023 2616 1054 2685; x_wconf 92' lang='lat' dir='ltr'>in</span> <span class='ocrx_word' id='word_1_187' title='bbox 1079 2620 1236 2714; x_wconf 63' lang='lat' dir='ltr'>vigim,</span> <span class='ocrx_word' id='word_1_188' title='bbox 1258 2619 1291 2686; x_wconf 89' lang='lat'>&amp;</span> <span class='ocrx_word' id='word_1_189' title='bbox 1315 2610 1427 2688; x_wconf 89' lang='lat' dir='ltr'>deinde</span> <span class='ocrx_word' id='word_1_190' title='bbox 1449 2625 1667 2704; x_wconf 69' lang='lat' dir='ltr'>Romanorum,</span> 
     </span>
     <span class='ocr_line' id='line_1_23' title="bbox 410 2713 1668 2836; baseline -0.033 -15"><span class='ocrx_word' id='word_1_191' title='bbox 410 2745 449 2821; x_wconf 81' lang='lat' dir='ltr'>ad</span> <span class='ocrx_word' id='word_1_192' title='bbox 472 2741 615 2833; x_wconf 62' lang='lat' dir='ltr'>modesti</span> <span class='ocrx_word' id='word_1_193' title='bbox 629 2725 879 2836; x_wconf 70' lang='lat' dir='ltr'>Magniobitum</span> <span class='ocrx_word' id='word_1_194' title='bbox 905 2713 1094 2814; x_wconf 68' lang='lat' dir='ltr'>produdius,</span> <span class='ocrx_word' id='word_1_195' title='bbox 1119 2714 1247 2785; x_wconf 85' lang='lat' dir='ltr'>exhibet</span> <span class='ocrx_word' id='word_1_196' title='bbox 1273 2720 1306 2784; x_wconf 75' lang='grc' dir='ltr'>δι</span> <span class='ocrx_word' id='word_1_197' title='bbox 1338 2713 1538 2812; x_wconf 83' lang='lat' dir='ltr'>tepraesentat.</span> <span class='ocrx_word' id='word_1_198' title='bbox 1588 2722 1668 2792; x_wconf 80' lang='lat' dir='ltr'>Non</span> 
     </span>
     <span class='ocr_line' id='line_1_24' title="bbox 411 2805 1669 2917; baseline -0.013 -16"><span class='ocrx_word' id='word_1_199' title='bbox 411 2846 430 2916; x_wconf 48' lang='grc' dir='ltr'>ᾗ</span> <span class='ocrx_word' id='word_1_200' title='bbox 454 2847 581 2917; x_wconf 63' lang='lat' dir='ltr'>veritate</span> <span class='ocrx_word' id='word_1_201' title='bbox 603 2833 765 2907; x_wconf 59' lang='lat' dir='ltr'>iberiam,</span> <span class='ocrx_word' id='word_1_202' title='bbox 789 2821 814 2891; x_wconf 91' lang='lat' dir='ltr'>si</span> <span class='ocrx_word' id='word_1_203' title='bbox 838 2815 968 2896; x_wconf 86' lang='lat' dir='ltr'>dixero,</span> <span class='ocrx_word' id='word_1_204' title='bbox 992 2814 1049 2885; x_wconf 84' lang='lat' dir='ltr'>vix</span> <span class='ocrx_word' id='word_1_205' title='bbox 1073 2812 1244 2907; x_wconf 88' lang='lat' dir='ltr'>quicquam</span> <span class='ocrx_word' id='word_1_206' title='bbox 1268 2809 1366 2882; x_wconf 83' lang='lat' dir='ltr'>fimise</span> <span class='ocrx_word' id='word_1_207' title='bbox 1389 2805 1473 2885; x_wconf 87' lang='lat' dir='ltr'>hisce</span> <span class='ocrx_word' id='word_1_208' title='bbox 1496 2815 1605 2888; x_wconf 81' lang='lat' dir='ltr'>tabulis</span> <span class='ocrx_word' id='word_1_209' title='bbox 1620 2838 1669 2887; x_wconf 89' lang='lat' dir='ltr'>re·</span> 
     </span>
     <span class='ocr_line' id='line_1_25' title="bbox 413 2905 1667 3026; baseline -0.023 -11"><span class='ocrx_word' id='word_1_210' title='bbox 413 2934 645 3016; x_wconf 83' lang='lat' dir='ltr'>conditiiiimis,</span> <span class='ocrx_word' id='word_1_211' title='bbox 668 2921 758 3026; x_wconf 90' lang='lat' dir='ltr'>quod</span> <span class='ocrx_word' id='word_1_212' title='bbox 781 2909 961 2990; x_wconf 83' lang='lat' dir='ltr'>illustrandis</span> <span class='ocrx_word' id='word_1_213' title='bbox 984 2911 1176 3007; x_wconf 81' lang='lat' dir='ltr'>temporibus</span> <span class='ocrx_word' id='word_1_214' title='bbox 1190 2905 1404 3001; x_wconf 84' lang='lat' dir='ltr'>antiquiffimis</span> <span class='ocrx_word' id='word_1_215' title='bbox 1430 2914 1528 3011; x_wconf 84' lang='lat' dir='ltr'>magis</span> <span class='ocrx_word' id='word_1_216' title='bbox 1545 2911 1667 2987; x_wconf 83' lang='lat' dir='ltr'>condu-</span> 
     </span>
     <span class='ocr_line' id='line_1_26' title="bbox 412 3005 1667 3116; baseline -0.029 -4"><span class='ocrx_word' id='word_1_217' title='bbox 412 3060 479 3116; x_wconf 85' lang='lat' dir='ltr'>cat,</span> <span class='ocrx_word' id='word_1_218' title='bbox 501 3034 647 3107; x_wconf 71' lang='lat' dir='ltr'>haeenus</span> <span class='ocrx_word' id='word_1_219' title='bbox 669 3042 791 3097; x_wconf 78' lang='lat' dir='ltr'>erutum</span> <span class='ocrx_word' id='word_1_220' title='bbox 813 3012 915 3088; x_wconf 79' lang='lat' dir='ltr'>fuisse.</span> <span class='ocrx_word' id='word_1_221' title='bbox 963 3015 1073 3081; x_wconf 89' lang='lat' dir='ltr'>Nemo</span> <span class='ocrx_word' id='word_1_222' title='bbox 1096 3007 1179 3076; x_wconf 89' lang='lat' dir='ltr'>enirn</span> <span class='ocrx_word' id='word_1_223' title='bbox 1193 3005 1326 3104; x_wconf 81' lang='lat' dir='ltr'>prudens</span> <span class='ocrx_word' id='word_1_224' title='bbox 1347 3008 1572 3079; x_wconf 80' lang='lat' dir='ltr'>celeberrimam</span> <span class='ocrx_word' id='word_1_225' title='bbox 1592 3011 1667 3081; x_wconf 72' lang='lat' dir='ltr'>Na-</span> 
     </span>
     <span class='ocr_line' id='line_1_27' title="bbox 413 3097 1731 3231; baseline -0.036 -19"><span class='ocrx_word' id='word_1_226' title='bbox 413 3135 554 3231; x_wconf 78' lang='lat' dir='ltr'>bonaffari&#39;</span> <span class='ocrx_word' id='word_1_227' title='bbox 567 3153 678 3210; x_wconf 81' lang='lat' dir='ltr'>aeram,</span> <span class='ocrx_word' id='word_1_228' title='bbox 700 3122 718 3210; x_wconf 67' lang='lat' dir='ltr'>i</span> <span class='ocrx_word' id='word_1_229' title='bbox 743 3140 804 3212; x_wconf 86' lang='lat' dir='ltr'>qun</span> <span class='ocrx_word' id='word_1_230' title='bbox 827 3108 1007 3207; x_wconf 70' lang='lat' dir='ltr'>eclipsim,</span> <span class='ocrx_word' id='word_1_231' title='bbox 1030 3130 1107 3199; x_wconf 82' lang='lat' dir='ltr'>ques</span> <span class='ocrx_word' id='word_1_232' title='bbox 1129 3121 1296 3185; x_wconf 80' lang='lat' dir='ltr'>memorat,</span> <span class='ocrx_word' id='word_1_233' title='bbox 1321 3101 1527 3176; x_wconf 82' lang='lat' dir='ltr'>recenfionem</span> <span class='ocrx_word' id='word_1_234' title='bbox 1552 3110 1586 3177; x_wconf 90' lang='lat'>&amp;</span> <span class='ocrx_word' id='word_1_235' title='bbox 1609 3108 1670 3179; x_wconf 80' lang='lat' dir='ltr'>tal.</span> <span class='ocrx_word' id='word_1_236' title='bbox 1729 3097 1731 3104; x_wconf 88' lang='lat'>&#39;</span> 
     </span>
     <span class='ocr_line' id='line_1_28' title="bbox 413 3201 1667 3309; baseline -0.027 1"><span class='ocrx_word' id='word_1_237' title='bbox 413 3237 521 3309; x_wconf 87' lang='lat' dir='ltr'>culum</span> <span class='ocrx_word' id='word_1_238' title='bbox 546 3230 615 3301; x_wconf 89' lang='lat' dir='ltr'>iniit</span> <span class='ocrx_word' id='word_1_239' title='bbox 637 3225 815 3298; x_wconf 70' lang='lat' dir='ltr'>protereus,</span> <span class='ocrx_word' id='word_1_240' title='bbox 840 3210 931 3299; x_wconf 82' lang='lat' dir='ltr'>hujus</span> <span class='ocrx_word' id='word_1_241' title='bbox 955 3202 1092 3301; x_wconf 78' lang='lat' dir='ltr'>ipsissimi</span> <span class='ocrx_word' id='word_1_242' title='bbox 1118 3201 1257 3286; x_wconf 86' lang='lat' dir='ltr'>canonis,</span> <span class='ocrx_word' id='word_1_243' title='bbox 1282 3224 1396 3295; x_wconf 87' lang='lat' dir='ltr'>quem,</span> <span class='ocrx_word' id='word_1_244' title='bbox 1420 3223 1456 3273; x_wconf 92' lang='lat' dir='ltr'>ut</span> <span class='ocrx_word' id='word_1_245' title='bbox 1480 3201 1667 3277; x_wconf 88' lang='lat' dir='ltr'>verisimilli-</span> 
     </span>
     <span class='ocr_line' id='line_1_29' title="bbox 413 3297 1666 3421; baseline -0.022 -16"><span class='ocrx_word' id='word_1_246' title='bbox 413 3356 503 3410; x_wconf 89' lang='lat' dir='ltr'>mum</span> <span class='ocrx_word' id='word_1_247' title='bbox 528 3325 590 3410; x_wconf 81' lang='lat' dir='ltr'>css,</span> <span class='ocrx_word' id='word_1_248' title='bbox 614 3317 786 3421; x_wconf 86' lang='lat' dir='ltr'>praeoculis</span> <span class='ocrx_word' id='word_1_249' title='bbox 809 3307 1012 3381; x_wconf 85' lang='lat' dir='ltr'>indesinenter</span> <span class='ocrx_word' id='word_1_250' title='bbox 1036 3300 1162 3386; x_wconf 78' lang='lat' dir='ltr'>hebuit,</span> <span class='ocrx_word' id='word_1_251' title='bbox 1186 3297 1250 3371; x_wconf 88' lang='lat' dir='ltr'>fide</span> <span class='ocrx_word' id='word_1_252' title='bbox 1272 3299 1368 3372; x_wconf 87' lang='lat' dir='ltr'>fretus</span> <span class='ocrx_word' id='word_1_253' title='bbox 1392 3301 1424 3372; x_wconf 93' lang='lat' dir='ltr'>in</span> <span class='ocrx_word' id='word_1_254' title='bbox 1447 3298 1582 3375; x_wconf 86' lang='lat' dir='ltr'>dubium</span> <span class='ocrx_word' id='word_1_255' title='bbox 1605 3329 1666 3378; x_wconf 83' lang='lat' dir='ltr'>vo·</span> 
     </span>
     <span class='ocr_line' id='line_1_30' title="bbox 414 3399 1667 3516; baseline -0.026 -9"><span class='ocrx_word' id='word_1_256' title='bbox 414 3430 541 3507; x_wconf 85' lang='lat' dir='ltr'>caverit.</span> <span class='ocrx_word' id='word_1_257' title='bbox 591 3426 622 3497; x_wconf 89' lang='lat' dir='ltr'>si</span> <span class='ocrx_word' id='word_1_258' title='bbox 647 3421 704 3516; x_wconf 85' lang='lat' dir='ltr'>qui</span> <span class='ocrx_word' id='word_1_259' title='bbox 729 3434 859 3491; x_wconf 85' lang='lat' dir='ltr'>errores,</span> <span class='ocrx_word' id='word_1_260' title='bbox 884 3414 918 3476; x_wconf 87' lang='lat'>&amp;</span> <span class='ocrx_word' id='word_1_261' title='bbox 941 3401 1074 3497; x_wconf 90' lang='lat' dir='ltr'>quidem</span> <span class='ocrx_word' id='word_1_262' title='bbox 1091 3399 1281 3500; x_wconf 81' lang='lat' dir='ltr'>piutiffimi,</span> <span class='ocrx_word' id='word_1_263' title='bbox 1305 3401 1335 3471; x_wconf 88' lang='lat' dir='ltr'>itt</span> <span class='ocrx_word' id='word_1_264' title='bbox 1353 3424 1570 3483; x_wconf 86' lang='lat' dir='ltr'>numerorum,</span> <span class='ocrx_word' id='word_1_265' title='bbox 1595 3403 1667 3476; x_wconf 84' lang='lat' dir='ltr'>site·</span> 
     </span>
     <span class='ocr_line' id='line_1_31' title="bbox 413 3496 1665 3621; baseline -0.029 -15"><span class='ocrx_word' id='word_1_266' title='bbox 413 3534 453 3605; x_wconf 83' lang='lat' dir='ltr'>ris</span> <span class='ocrx_word' id='word_1_267' title='bbox 477 3522 647 3621; x_wconf 84' lang='lat' dir='ltr'>Alphabeti</span> <span class='ocrx_word' id='word_1_268' title='bbox 670 3518 876 3615; x_wconf 75' lang='lat' dir='ltr'>figi-ntorum,</span> <span class='ocrx_word' id='word_1_269' title='bbox 901 3502 1127 3585; x_wconf 80' lang='lat' dir='ltr'>adnotatione,</span> <span class='ocrx_word' id='word_1_270' title='bbox 1158 3497 1221 3572; x_wconf 86' lang='lat' dir='ltr'>siue</span> <span class='ocrx_word' id='word_1_271' title='bbox 1246 3502 1277 3572; x_wconf 93' lang='lat' dir='ltr'>iri</span> <span class='ocrx_word' id='word_1_272' title='bbox 1301 3496 1386 3572; x_wconf 89' lang='lat' dir='ltr'>hunc</span> <span class='ocrx_word' id='word_1_273' title='bbox 1409 3524 1535 3572; x_wconf 87' lang='lat' dir='ltr'>aureum</span> <span class='ocrx_word' id='word_1_274' title='bbox 1559 3509 1665 3574; x_wconf 84' lang='lat' dir='ltr'>Cano·</span> 
     </span>
     <span class='ocr_line' id='line_1_32' title="bbox 412 3597 1668 3717; baseline -0.028 -16"><span class='ocrx_word' id='word_1_275' title='bbox 412 3654 504 3710; x_wconf 90' lang='lat' dir='ltr'>nem,</span> <span class='ocrx_word' id='word_1_276' title='bbox 528 3623 594 3696; x_wconf 83' lang='lat' dir='ltr'>sive</span> <span class='ocrx_word' id='word_1_277' title='bbox 616 3615 698 3717; x_wconf 86' lang='lat' dir='ltr'>apud</span> <span class='ocrx_word' id='word_1_278' title='bbox 723 3612 904 3684; x_wconf 76' lang='lat' dir='ltr'>Ptolemenoi</span> <span class='ocrx_word' id='word_1_279' title='bbox 934 3601 1123 3694; x_wconf 76' lang='lat' dir='ltr'>irrepserint,</span> <span class='ocrx_word' id='word_1_280' title='bbox 1147 3597 1182 3669; x_wconf 91' lang='lat' dir='ltr'>id</span> <span class='ocrx_word' id='word_1_281' title='bbox 1206 3599 1342 3669; x_wconf 79' lang='lat' dir='ltr'>neutrius</span> <span class='ocrx_word' id='word_1_282' title='bbox 1366 3601 1536 3669; x_wconf 69' lang='lat' dir='ltr'>audioritati</span> <span class='ocrx_word' id='word_1_283' title='bbox 1561 3599 1668 3667; x_wconf 85' lang='lat' dir='ltr'>ulstte·</span> 
     </span>
     <span class='ocr_line' id='line_1_33' title="bbox 411 3693 1670 3812; baseline -0.03 -12"><span class='ocrx_word' id='word_1_284' title='bbox 411 3752 468 3800; x_wconf 83' lang='lat' dir='ltr'>nus</span> <span class='ocrx_word' id='word_1_285' title='bbox 492 3719 611 3794; x_wconf 88' lang='lat' dir='ltr'>detrahi</span> <span class='ocrx_word' id='word_1_286' title='bbox 634 3732 779 3812; x_wconf 87' lang='lat' dir='ltr'>oportet,</span> <span class='ocrx_word' id='word_1_287' title='bbox 802 3704 877 3774; x_wconf 80' lang='lat' dir='ltr'>cirm</span> <span class='ocrx_word' id='word_1_288' title='bbox 901 3704 933 3770; x_wconf 89' lang='lat' dir='ltr'>iti</span> <span class='ocrx_word' id='word_1_289' title='bbox 949 3699 1074 3787; x_wconf 81' lang='lat' dir='ltr'>reliquis</span> <span class='ocrx_word' id='word_1_290' title='bbox 1096 3695 1161 3765; x_wconf 74' lang='lat' dir='ltr'>fere</span> <span class='ocrx_word' id='word_1_291' title='bbox 1185 3696 1329 3766; x_wconf 83' lang='lat' dir='ltr'>omnibus</span> <span class='ocrx_word' id='word_1_292' title='bbox 1355 3697 1430 3763; x_wconf 86' lang='lat' dir='ltr'>mira</span> <span class='ocrx_word' id='word_1_293' title='bbox 1455 3693 1494 3763; x_wconf 85' lang='lat' dir='ltr'>stt</span> <span class='ocrx_word' id='word_1_294' title='bbox 1515 3694 1670 3766; x_wconf 87' lang='lat' dir='ltr'>connexio</span> 
     </span>
     <span class='ocr_line' id='line_1_34' title="bbox 413 3788 1667 3899; baseline -0.028 -2"><span class='ocrx_word' id='word_1_295' title='bbox 413 3834 447 3899; x_wconf 76' lang='grc' dir='ltr'>δι</span> <span class='ocrx_word' id='word_1_296' title='bbox 471 3815 695 3898; x_wconf 82' lang='lat' dir='ltr'>convenientia.</span> <span class='ocrx_word' id='word_1_297' title='bbox 743 3800 863 3878; x_wconf 80' lang='lat' dir='ltr'>Frustra</span> <span class='ocrx_word' id='word_1_298' title='bbox 889 3821 964 3891; x_wconf 79' lang='lat' dir='ltr'>ergo</span> <span class='ocrx_word' id='word_1_299' title='bbox 987 3818 1025 3863; x_wconf 87' lang='lat' dir='ltr'>ex</span> <span class='ocrx_word' id='word_1_300' title='bbox 1050 3793 1182 3883; x_wconf 84' lang='lat' dir='ltr'>paucuso</span> <span class='ocrx_word' id='word_1_301' title='bbox 1206 3788 1334 3860; x_wconf 79' lang='lat' dir='ltr'>dissensu</span> <span class='ocrx_word' id='word_1_302' title='bbox 1349 3788 1445 3858; x_wconf 87' lang='lat' dir='ltr'>fidem</span> <span class='ocrx_word' id='word_1_303' title='bbox 1459 3791 1579 3861; x_wconf 83' lang='lat' dir='ltr'>canonis</span> <span class='ocrx_word' id='word_1_304' title='bbox 1593 3816 1667 3863; x_wconf 89' lang='lat' dir='ltr'>con·</span> 
     </span>
     <span class='ocr_line' id='line_1_35' title="bbox 410 3885 1666 3998; baseline -0.019 -16"><span class='ocrx_word' id='word_1_305' title='bbox 410 3923 523 3998; x_wconf 69' lang='lat' dir='ltr'>vellere</span> <span class='ocrx_word' id='word_1_306' title='bbox 548 3913 673 3989; x_wconf 79' lang='lat' dir='ltr'>videtur</span> <span class='ocrx_word' id='word_1_307' title='bbox 696 3911 743 3980; x_wconf 89' lang='lat' dir='ltr'>D.</span> <span class='ocrx_word' id='word_1_308' title='bbox 763 3911 812 3986; x_wconf 86' lang='lat' dir='ltr'>(a)</span> <span class='ocrx_word' id='word_1_309' title='bbox 830 3903 1007 3992; x_wconf 74' lang='lat' dir='ltr'>Contingiu&#39;t.</span> <span class='ocrx_word' id='word_1_310' title='bbox 1042 3886 1103 3962; x_wconf 86' lang='lat' dir='ltr'>Sed</span> <span class='ocrx_word' id='word_1_311' title='bbox 1128 3885 1196 3958; x_wconf 83' lang='lat' dir='ltr'>haec</span> <span class='ocrx_word' id='word_1_312' title='bbox 1220 3885 1397 3975; x_wconf 82' lang='lat' dir='ltr'>disquisitio</span> <span class='ocrx_word' id='word_1_313' title='bbox 1421 3910 1482 3956; x_wconf 89' lang='lat' dir='ltr'>uon</span> <span class='ocrx_word' id='word_1_314' title='bbox 1507 3886 1551 3960; x_wconf 88' lang='lat' dir='ltr'>est</span> <span class='ocrx_word' id='word_1_315' title='bbox 1573 3885 1666 3981; x_wconf 82' lang='lat' dir='ltr'>hujus</span> 
     </span>
     <span class='ocr_line' id='line_1_36' title="bbox 411 3980 1669 4103; baseline -0.021 -15"><span class='ocrx_word' id='word_1_316' title='bbox 411 4023 503 4100; x_wconf 77' lang='lat' dir='ltr'>socii</span> <span class='ocrx_word' id='word_1_317' title='bbox 528 4017 600 4098; x_wconf 84' lang='lat' dir='ltr'>alii,</span> <span class='ocrx_word' id='word_1_318' title='bbox 625 4011 682 4103; x_wconf 87' lang='lat' dir='ltr'>qui</span> <span class='ocrx_word' id='word_1_319' title='bbox 709 3996 959 4090; x_wconf 82' lang='lat' dir='ltr'>chronologiam</span> <span class='ocrx_word' id='word_1_320' title='bbox 983 4012 1022 4060; x_wconf 86' lang='lat' dir='ltr'>ex</span> <span class='ocrx_word' id='word_1_321' title='bbox 1049 3980 1183 4083; x_wconf 81' lang='lat' dir='ltr'>profesio</span> <span class='ocrx_word' id='word_1_322' title='bbox 1205 3986 1358 4061; x_wconf 67' lang='lat' dir='ltr'>traditur,</span> <span class='ocrx_word' id='word_1_323' title='bbox 1391 3982 1537 4062; x_wconf 85' lang='lat' dir='ltr'>viderint.</span> <span class='ocrx_word' id='word_1_324' title='bbox 1584 3996 1669 4063; x_wconf 88' lang='lat' dir='ltr'>Inte·</span> 
     </span>
     <span class='ocr_line' id='line_1_37' title="bbox 413 4078 1671 4212; baseline -0.028 -24"><span class='ocrx_word' id='word_1_325' title='bbox 413 4121 475 4193; x_wconf 80' lang='lat' dir='ltr'>rim</span> <span class='ocrx_word' id='word_1_326' title='bbox 498 4139 561 4188; x_wconf 91' lang='lat' dir='ltr'>non</span> <span class='ocrx_word' id='word_1_327' title='bbox 574 4106 726 4212; x_wconf 80' lang='lat' dir='ltr'>posium,¹</span> <span class='ocrx_word' id='word_1_328' title='bbox 740 4099 819 4196; x_wconf 87' lang='lat' dir='ltr'>quin</span> <span class='ocrx_word' id='word_1_329' title='bbox 840 4087 1015 4193; x_wconf 69' lang='lat' dir='ltr'>candorem¹</span> <span class='ocrx_word' id='word_1_330' title='bbox 1029 4086 1062 4156; x_wconf 90' lang='lat' dir='ltr'>in</span> <span class='ocrx_word' id='word_1_331' title='bbox 1086 4085 1171 4157; x_wconf 89' lang='lat' dir='ltr'>Viro</span> <span class='ocrx_word' id='word_1_332' title='bbox 1195 4078 1377 4157; x_wconf 81' lang='lat' dir='ltr'>doetiffimo</span> <span class='ocrx_word' id='word_1_333' title='bbox 1400 4082 1589 4168; x_wconf 87' lang='lat' dir='ltr'>defiderem,</span> <span class='ocrx_word' id='word_1_334' title='bbox 1610 4090 1671 4182; x_wconf 87' lang='lat' dir='ltr'>qni</span> 
     </span>
     <span class='ocr_line' id='line_1_38' title="bbox 908 4183 1674 4256; baseline -0.027 19"><span class='ocrx_word' id='word_1_335' title='bbox 908 4217 914 4222; x_wconf 82' lang='grc'><em>”</em></span> <span class='ocrx_word' id='word_1_336' title='bbox 1619 4183 1674 4256; x_wconf 89' lang='lat' dir='ltr'>ad·</span> 
     </span>
    </p>
   </div>
   <div class='ocr_carea' id='block_1_2' title="bbox 455 4296 1158 4416">
    <p class='ocr_par' dir='ltr' id='par_1_5' title="bbox 455 4296 1158 4416">
     <span class='ocr_line' id='line_1_39' title="bbox 455 4296 1158 4416; baseline -0.047 -14"><span class='ocrx_word' id='word_1_337' title='bbox 455 4343 498 4416; x_wconf 79' lang='lat' dir='ltr'>(a)</span> <span class='ocrx_word' id='word_1_338' title='bbox 519 4331 744 4400; x_wconf 67' lang='lat' dir='ltr'>lundrensem·</span> <span class='ocrx_word' id='word_1_339' title='bbox 763 4316 982 4395; x_wconf 85' lang='lat' dir='ltr'>Chronoiogitii</span> <span class='ocrx_word' id='word_1_340' title='bbox 1005 4296 1066 4390; x_wconf 67' lang='lat' dir='ltr'>cap,</span> <span class='ocrx_word' id='word_1_341' title='bbox 1087 4311 1158 4372; x_wconf 75' lang='grc' dir='ltr'>ΧΗ.</span> 
     </span>
    </p>
   </div>
   <div class='ocr_carea' id='block_1_3' title="bbox 0 0 2144 5184">
    <p class='ocr_par' dir='ltr' id='par_1_6' title="bbox 0 0 2144 5184">
     <span class='ocr_line' id='line_1_40' title="bbox 0 0 2144 5184; baseline 0 0"><span class='ocrx_word' id='word_1_342' title='bbox 0 0 2144 5184; x_wconf 95' lang='lat' dir='ltr'> </span> 
     </span>
    </p>
   </div>
  </div>
 </body>
</html>
