4250 5184
657 608 1362 720 Jncoanssnrtrr.
1612 649 1671 729 79

405 764 497 856 Rege
521 761 556 827 &
579 751 705 852 Regina
721 749 936 849 praesentibus,
960 750 1126 844 permultos
1149 747 1212 821 dies
1238 751 1410 841 sistebatur,
1435 764 1586 857 promptis
1600 765 1666 834 ani.

406 882 461 930 rno
483 861 516 925 &
529 854 664 951 lingua,
689 846 922 948 prudentillime
946 844 1154 943 respondens,
1175 848 1233 921 sese
1258 855 1465 934 criminibus,
1488 859 1527 929 ab
1539 861 1666 935 inserio-

402 956 443 1028 ris
467 960 610 1027 Cunero
634 947 860 1024 Commissariis
884 944 1019 1035 objectis
1044 947 1285 1042 intentarisqoe,
1310 975 1446 1050 purgat,
1477 964 1511 1028 δι
1536 957 1559 1031 si
1583 957 1665 1054 quid

404 1071 569 1151 peceatum
592 1048 713 1132 suisset,
738 1053 828 1143 quod
851 1046 908 1117 vix
931 1042 1063 1115 humant
1087 1046 1227 1141 sapientia
1242 1054 1402 1142 praecrveri
1430 1076 1563 1147 poterat,
1587 1057 1665 1131 dum

404 1150 578 1224 albaniam
601 1148 720 1222 summa
742 1141 893 1243 potestate
915 1164 1051 1241 regeret,
1079 1163 1182 1214 toturn
1208 1144 1283 1216 illud
1309 1149 1341 1217 in
1364 1151 1485 1223 censum
1510 1156 1586 1227 laesae
1600 1182 1665 1227 rna·

406 1246 519 1342 jestatis
550 1248 657 1321 venire
695 1245 875 1338 neutiquam
907 1264 959 1338 per
989 1241 1071 1337 leges
1102 1264 1154 1310 aut
1186 1244 1270 1339 posle
1301 1266 1354 1315 aut
1382 1247 1492 1321 debere
1520 1253 1671 1328 ostendit.
1758 1275 1766 1296 ·

406 1346 539 1439 Rejeffl
564 1345 662 1445 igitur
686 1338 744 1413 hac
767 1337 951 1417 methodo,
972 1340 1081 1423 aliam,
1107 1336 1130 1408 sr
1155 1364 1217 1411 non
1242 1344 1376 1414 omnino
1406 1372 1537 1436 novam,
1561 1356 1668 1425 saltem

407 1470 461 1545 per
493 1465 621 1518 centum
652 1463 744 1511 annos
774 1436 930 1512 desuetam
962 1442 997 1507 &
1027 1436 1296 1534 pemiciosrorem,
1323 1447 1456 1518 netues
1481 1446 1530 1519 isli
1554 1453 1666 1534 iniere,

409 1546 475 1617 viz.
483 1567 537 1641 per
551 1540 652 1613 hislam
663 1541 823 1612 urinssurae
832 1587 843 1622 ,
867 1556 904 1607 ut
918 1532 1017 1634 phrasi
1034 1533 1136 1606 nostra
1150 1540 1419 1636 municipalium,
1442 1569 1482 1617 ex
1500 1549 1532 1618 vi
1547 1547 1670 1648 legisla-

410 1642 504 1714 tionis
520 1666 529 1709 ι
555 1663 652 1734 quam
665 1635 813 1719 tandem,
835 1631 905 1731 post
921 1634 1077 1706 acerrimas
1093 1640 1354 1716 concertationes,
1369 1644 1454 1714 malis
1469 1646 1595 1724 artibus,
1602 1670 1669 1717 mt-

410 1738 474 1831 jori
490 1733 710 1836 suffragiorum
726 1756 858 1806 numero
873 1731 1048 1831 obtinuere.
1097 1731 1171 1803 Hic
1197 1760 1327 1830 quoque
1348 1737 1386 1808 ad
1407 1742 1528 1812 alteram
1551 1745 1670 1816 Domi-

412 1861 527 1910 norum
543 1843 707 1911 camum
720 1830 818 1904 delata
832 1831 929 1930 plures
943 1828 1005 1913 ibi,
1028 1848 1081 1902 aut
1094 1827 1172 1901 odio
1187 1839 1220 1902 δι
1236 1832 1352 1905 invidia
1368 1841 1494 1932 perciti,
1520 1863 1572 1913 aut
1586 1843 1671 1913 blan·

411 1933 498 2009 ditiis
512 1935 642 2012 inetiti,
663 1949 715 2004 aut
730 1932 822 2003 minis
836 1926 1032 2006 constemati,
1043 1922 1163 2002 cellere.
1190 1929 1249 2001 Sed
1264 1933 1425 2028 utriusque
1441 1943 1581 2011 Camerae
1597 1941 1672 2013 scita

410 2034 527 2127 absque
544 2032 653 2131 Regio
666 2030 796 2109 assensu,
819 2029 853 2100 in
866 2052 935 2123 quo
948 2027 1082 2107 summa,
1107 2030 1247 2126 propria,
1271 2030 1339 2102 imo
1355 2040 1388 2103 δι
1409 2038 1499 2107 unica
1512 2037 1671 2133 potestatis

410 2131 592 2232 legislativae
602 2131 680 2204 ratio
694 2127 846 2213 consistit,
855 2124 936 2199 nihil
952 2127 1054 2198 valent
1072 2158 1083 2197 .·
1106 2128 1158 2197 cui
1174 2127 1366 2224 procurando
1381 2132 1569 2207 intercessere
1582 2133 1671 2210 diffi-

413 2232 538 2305 cultores
550 2253 614 2302 non
630 2226 715 2308 adeo
727 2228 819 2303 facile
834 2223 1020 2326 superandae,
1070 2231 1145 2302 Rex
1161 2228 1244 2297 enirn
1261 2224 1473 2304 fidelissimum
1489 2234 1581 2329 ipsius
1600 2232 1674 2307 Ad.

411 2328 607 2413 ministrum,
630 2327 716 2401 illius
731 2328 889 2410 criminis,
905 2321 997 2418 quod
1010 2348 1066 2396 nos
1080 2326 1239 2396 vernacula
1250 2327 1354 2423 lingua
1368 2353 1579 2428 nuncupamus
1589 2333 1676 2435 Hgls

412 2431 552 2522 sieafin,
576 2451 638 2500 non
656 2428 735 2512 rite,
759 2425 875 2500 imo&
891 2424 1051 2521 perperim
1068 2422 1277 2498 infimulatum
1293 2424 1404 2507 fuisse,
1426 2432 1529 2502 animo
1546 2439 1579 2504 &
1594 2456 1673 2504 con·

414 2529 537 2602 scientia
558 2526 742 2604 convietus,
763 2527 838 2596 Billa
859 2523 1012 2595 calculum
1034 2522 1125 2596 suurn
1154 2520 1285 2611 adjicere
1307 2526 1437 2600 nolebat.
1491 2528 1671 2624 Quomodo

413 2625 491 2699 veto
506 2623 544 2697 ad
558 2622 612 2702 id,
635 2624 653 2694 l
668 2648 747 2720 quo·
761 2621 920 2720 tantopere
942 2618 1124 2739 abhorruit,
1137 2619 1231 2733 ,358³
1253 2626 1420 2739 potuerit&
1430 2631 1584 2726 explorare
1601 2633 1672 2702 De·

412 2748 620 2921 stiffi
635 2722 970 2908 &iliosis
988 2726 1670 2917 ,lssissnsnsslisslssli

414 2919 624 3020 postularunt,
645 2917 735 3013 quasi
764 2918 840 2989 eslet
861 2915 1027 2990 hominum
1051 2917 1291 3005 scelesliffimus,
1316 2930 1349 2994 &
1379 2927 1526 3001 universae
1553 2929 1673 3000 Getieis

416 3027 584 3094 Britannica
598 3017 774 3112 piaculum,
794 3015 903 3086 libellis
917 3013 1028 3103 editis,
1051 3018 1105 3088 illo
1124 3016 1299 3111 superstite,
1323 3023 1477 3113 publicam
1493 3049 1598 3120 pacem
1614 3046 1667 3117 pe·

413 3117 560 3198 riclitari,
584 3115 687 3187 omnia
701 3112 743 3184 ad
754 3113 916 3184 interitum
928 3139 1034 3200 ruere,
1059 3121 1093 3184 ἃ
1108 3112 1148 3184 de
1158 3114 1334 3209 Republica
1349 3139 1493 3214 protenus
1506 3126 1609 3194 aetum
1619 3121 1673 3196 iri,

418 3211 634 3327 congestisque
646 3213 680 3285 in
695 3207 866 3308 piisimum
883 3219 918 3284 δι
937 3209 1206 3286 clementissmum
1223 3219 1349 3311 Regem
1372 3218 1486 3315 spurcis
1507 3219 1674 3296 convitiis»

416 3311 639 3390 vociferantes,
662 3309 702 3382 de
715 3307 828 3482 ipsius,
852 3306 955 3406 deque
969 3318 1005 3389 R
1046 3316 1084 3384 iae
1100 3313 1224 3386 familie
1237 3314 1330 3386 salute
1343 3335 1405 3389 non
1414 3316 1499 3391 aliter
1512 3317 1572 3392 esse
1587 3318 1675 3416 pros·

415 3409 606 3513 piciendum.
649 3411 717 3502 Qui
759 3431 863 3482 autem
878 3411 910 3482 in
918 3407 976 3483 hac
987 3410 1020 3482 di
1061 3413 1173 3486 cillima
1187 3438 1289 3485 rerum
1303 3418 1501 3516 perplexitate
1513 3418 1673 3519 agendum

417 3517 506 3587 erat?
542 3517 620 3586 Non
642 3512 729 3583 enim
751 3510 833 3583 illius
854 3510 1041 3584 conscientia
1055 3514 1154 3587 verbis
1169 3514 1359 3597 minacibus,
1381 3522 1476 3592 atroci
1507 3523 1677 3596 violentia,

416 3599 645 3706 insanientisque
661 3609 758 3708 plebis
771 3604 813 3679 ad
829 3629 930 3705 portes
944 3610 1038 3682 Aule
1055 3615 1221 3704 &ubique
1242 3614 1274 3684 in
1295 3617 1399 3710 plateis
1423 3614 1675 3688 comminationi·

417 3709 493 3793 bus,
515 3708 567 3781 sed
582 3705 765 3805 gravissimis
779 3709 873 3782 reetae
888 3710 1081 3783 Rationis&
1104 3708 1293 3807 Theologiae
1309 3715 1402 3798 sanae,
1426 3717 1458 3781 δι
1475 3714 1514 3781 ab
1528 3714 1614 3784 omni
1630 3711 1680 3785 se-

419 3809 513 3882 culari
535 3807 660 3904 politica
684 3807 833 3907 integre,
857 3807 1016 3904 principiis
1036 3803 1130 3879 sedari
1152 3810 1271 3901 potuit.
1316 3813 1350 3878 A
1374 3805 1502 3881 Paeibnr
1523 3809 1620 3908 igitur
1635 3807 1676 3884 ad

417 3910 547 4007 Regem
572 3905 739 3978 mittuntur
760 3925 896 4002 quatuor
916 3905 1088 4002 Episcopi,
1112 3904 1240 4001 vfferius
1262 3898 1492 3992 Armacbanus,
1516 3917 1677 3986 Murem

423 4007 636 4102 Dunelmetnss,
661 4004 855 4082 Guiliclnridcs
876 4007 1091 4096 massensi,
1115 4012 1150 4076 &
1171 4013 1301 4074 Partem
1323 4006 1523 4102 Galeam,
1553 4014 1610 4107 qui
1633 4037 1674 4086 ex

421 4099 514 4196 ipsius
525 4107 628 4178 aninlo
642 4105 799 4202 scrupulos
810 4104 981 4175 eximerent
995 4128 1005 4182 ;
1031 4101 1151 4174 abludit
1173 4101 1257 4172 enim
1271 4099 1309 4171 ab
1328 4108 1414 4179 omni
1431 4106 1675 4184 verifimilitudi·

408 4222 480 4286 ne,
504 4203 629 4314 Regem
651 4225 750 4277 unum
768 4204 953 4275 &alterum
975 4223 1014 4274 ex
1037 4197 1104 4284 his,
1130 4199 1298 4297 presertim
1320 4209 1552 4287 aarum,
1578 4231 1675 4299 quem

390 4311 395 4318 '
417 4297 684 4378 minentem
695 4326 768 4404 erga
781 4298 995 4398 Strafforts'm
1009 4297 1116 4372 animo
1129 4296 1210 4390 esse,
1232 4323 1366 4403 auraque
1380 4310 1519 4408 populari
1534 4305 1603 4406 post
1619 4329 1679 4374 nu-

1552 4427 1558 4437 .
1626 4424 1681 4502 Pe,
